2959 4875
268 365 368 486 'ss
525 366 538 471 Ϊ
675 415 946 484 nmmum

324 613 419 676 quam
447 593 596 656 amicitias
626 611 752 654 neccsse
786 605 848 672 est3
881 612 939 653 uec
972 591 1186 673 implacabiles
1213 577 1348 654 durant.

322 707 439 770 Luitur
470 710 552 770 enim
585 705 677 770 etiam
708 704 910 768 homicidium
943 719 1028 767 certo
1061 718 1275 766 armentorum
1310 725 1348 766 ac

322 843 474 906 pecorum
494 843 628 886 numero
649 825 822 908 recipitque
848 823 1090 886 satisfactionem
1116 821 1263 884 universa
1287 817 1347 881 do-

322 959 410 1018 mus,
429 939 550 1004 utiliter
575 942 609 1004 in
631 939 810 1022 publicum,
831 938 907 1020 quia
932 935 1266 1029 periculosioressuut
1283 935 1348 995 ini·

323 1052 455 1116 miciliae
482 1058 573 1131 juxta
597 1055 785 1115 libertatem.
827 1049 1031 1116 Convictibus
1057 1061 1089 1111 et
1109 1048 1252 1130 hospitiis
1266 1031 1347 1110 ¹nou

322 1170 383 1232 alia
404 1191 478 1249 gens
501 1169 630 1230 effusius
651 1169 801 1248 indulget.
850 1185 1070 1250 quemcunque
1091 1166 1271 1229 mortalium
1295 1186 1348 1224 ar·
1450 1234 1452 1257 Ι

322 1305 391 1346 cere
418 1295 499 1346 tecto
522 1284 611 1345 nefas
632 1283 786 1362 habetur3
820 1303 880 1365 pro
901 1282 1031 1343 fortuna
1053 1281 1187 1363 quisque
1211 1300 1345 1361 appara·
1450 1266 1452 1333 Ῑ

222 1463 225 1468 ,
320 1399 359 1462 tis
391 1398 491 1479 epulis
524 1397 648 1478 excipit.
699 1417 798 1479 quum
828 1394 988 1472 deiecere,
1019 1396 1075 1478 qui
1102 1392 1197 1456 modo
1226 1393 1346 1473 hospes
1450 1370 1452 1395 Ι

320 1518 431 1589 luerat,
453 1525 644 1575 monstrator
664 1512 794 1594 hospitii
817 1525 848 1574 et
868 1532 989 1574 comes:
1017 1511 1195 1592 proximam
1217 1508 1346 1572 domum
1450 1544 1452 1547 ·

320 1648 386 1690 non
406 1628 531 1691 invitati
552 1625 687 1701 adeunt,
711 1647 768 1689 nec
789 1625 937 1703 interest,
957 1625 1028 1707 pari
1049 1624 1244 1689 humanitate
1265 1626 1347 1686 acci·

212 1764 224 1799 ⁴.
318 1744 460 1823 piuntur.
501 1742 621 1803 Notum
643 1742 865 1823 ignotumque,
897 1752 1050 1823 quantum
1071 1738 1112 1801 ad
1132 1745 1180 1818 jus
1203 1739 1346 1820 hospitis,

282 1839 412 1916 'nemo
437 1852 594 1915 discernit.
642 1854 781 1915 Abeunti
804 1853 831 1916 si
852 1852 928 1937 quid
954 1856 1152 1935 proposcerit
1173 1852 1346 1917 concedere
1450 1926 1452 1933 ¹

219 2054 222 2062 Ι
318 1970 431 2051 moris3
465 1981 496 2032 et
523 1968 674 2051 poscendi
701 1970 835 2034 invicem
864 1968 973 2032 eadem
1005 1971 1148 2032 facilitas.
1197 1967 1346 2032 Gaudent
1450 1942 1452 2029 l

318 2085 519 2163 muneribus3
540 2083 595 2147 sed
616 2107 674 2148 nec
693 2083 766 2149 data
787 2083 950 2168 imputant,
970 2105 1028 2148 nec
1052 2085 1184 2168 acceptis
1202 2085 1345 2166 obligan-
1450 2102 1452 2167 ξ

319 2215 382 2266 tur.
424 2203 523 2266 victus
545 2201 629 2262 inter
650 2203 790 2282 hospites
813 2202 919 2263 comis.

268 2317 305 2365 22
405 2315 517 2377 Statim
538 2335 556 2376 e
578 2335 706 2390 somno,
738 2335 833 2397 quem
860 2317 1047 2396 plerumque
1072 2313 1108 2375 in
1131 2311 1215 2375 diem
1237 2325 1345 2376 extra·
1450 2330 1452 2345 ¹

319 2429 415 2505 hunt,
438 2429 600 2505 lavantur,
621 2427 745 2511 saepius
768 2426 884 2501 calida,
904 2443 940 2492 ut
961 2427 1045 2511 apud
1067 2450 1147 2512 quos
1168 2428 1345 2509 plurimum
1450 2441 1452 2506 j

316 2546 416 2607 hiems
438 2557 579 2626 occupat.
622 2543 717 2607 Lauti
737 2544 842 2607 cibum
863 2546 1010 2626 capiunt;
1032 2558 1192 2626 separatae
1213 2545 1344 2626 singulis
1450 2555 1452 2604 !

317 2657 405 2722 sedes
426 2673 456 2721 et
473 2680 529 2721 sua
551 2659 663 2742 cuique
682 2680 800 2721 mensa.
842 2660 925 2722 Tum
946 2657 986 2721 ad
1005 2659 1138 2739 negotia,
1160 2681 1218 2721 nec
1237 2660 1344 2724 minus

316 2796 409 2857 saepe
438 2774 477 2837 ad
506 2776 649 2839 convivia
677 2774 853 2858 procedunt
875 2774 995 2838 armati.
1038 2775 1132 2835 Diem
1153 2786 1342 2858 noctemque

317 2891 501 2953 continuare
527 2888 666 2972 potando
697 2891 777 2950 nulli
805 2892 970 2971 probrum.
1022 2892 1165 2966 crebrae,
1195 2901 1231 2950 ut
1257 2889 1343 2951 inter

315 3004 504 3079 vinolentos,
531 3007 617 3065 rixae
639 3024 712 3066 raro
736 3005 894 3084 conviciis,
916 3004 1040 3085 saepius
1062 3002 1156 3067 caede
1178 3017 1208 3066 et
1228 3005 1343 3068 vulne·

315 3119 403 3181 ribus
426 3119 653 3199 transiguntur.
693 3118 758 3181 Sed
782 3117 821 3182 de
848 3119 1085 3183 reconciliandis
1115 3118 1249 3182 invicem
1278 3120 1342 3180 ini·

314 3233 438 3295 micitiis
461 3245 491 3294 et
512 3228 677 3314 jungendis
701 3234 903 3297 affinitatibus
933 3247 963 3296 et
992 3232 1196 3297 adsciscendis
1220 3232 1341 3314 princi·

314 3344 425 3425 pibus,
446 3342 483 3405 de
504 3367 579 3426 pace
602 3345 737 3428 denique
760 3367 795 3407 ac
816 3347 900 3409 bello
920 3347 1108 3431 plerumque
1131 3348 1165 3408 in
1187 3347 1341 3411 conviviis

316 3461 509 3536 consultant,
535 3471 687 3541 tanquam
716 3462 804 3522 nullo
834 3460 930 3539 magis
954 3472 1094 3543 tempore
1125 3459 1239 3524 autad
1264 3461 1340 3525 sim-

313 3574 410 3657 plices
433 3572 634 3651 cogitationes
657 3584 762 3653 pateat
784 3573 923 3649 animus,
955 3588 1009 3637 aut
1039 3573 1078 3636 ad
1102 3596 1229 3655 magnas
1251 3575 1339 3639 inca·

313 3690 418 3751 lescat.
461 3687 545 3749 Gens
575 3706 640 3751 non
670 3701 773 3750 astuta
800 3711 859 3752 nec
887 3689 999 3752 callida
1027 3692 1127 3773 aperit
1157 3690 1259 3753 adhuc
1288 3712 1340 3753 se·

315 3814 399 3863 creta
413 3802 549 3883 pectoris
564 3802 689 3865 licentia
704 3808 777 3882 joci.
821 3827 893 3889 ergo
913 3806 1033 3870 detecta
1049 3819 1080 3868 et
1095 3805 1183 3868 nuda
1195 3806 1339 3869 omnium

313 3931 401 3973 mens
421 3926 547 3994 postera
569 3914 619 3978 dia
640 3931 842 3997 retractatur,
871 3933 902 3984 et
925 3922 1009 3983 salva
1029 3921 1194 4004 utriusque
1215 3900 1338 4003 tempo·

313 4027 356 4091 ris
383 4040 438 4090 est.
482 4029 672 4111 deliberant,
704 4034 779 4099 dum
800 4038 917 4117 lingere
940 4038 1101 4116 nesciunt3
1132 4038 1337 4116 constituunt,

313 4141 388 4207 dum
413 4162 517 4207 errare
539 4166 604 4209 non
625 4163 767 4231 possunt.
