2959 4875
355 394 419 463 lii)
700 394 763 463 ΒΧ
784 394 1019 465 metrosus

352 599 568 660 rhenanorum
596 594 658 662 fide
686 596 770 661 inter
797 594 932 663 Batavos
963 619 1090 683 quoque
1117 618 1279 663 sermones
1307 602 1384 667 orti.

353 734 419 777 non
440 710 670 795 prorogandam
692 716 775 777 ultra
797 717 941 792 retinam,
970 737 1027 778 nec
1053 735 1146 797 posse
1174 716 1213 777 ab
1234 737 1301 777 una
1326 738 1384 777 na-

352 825 438 888 tione
470 828 566 889 totius
598 828 684 890 orbis
720 828 883 891 servitium
913 826 1038 911 depelli.
1093 827 1168 912 quid
1199 829 1382 911 profectum

353 936 446 1000 caede
468 954 499 1002 et
518 914 671 1003 incendiis
691 940 851 1020 legionum
874 940 936 1003 nisi
959 953 995 1004 ut
1015 943 1123 1024 plures
1144 939 1381 1025 validioresque
1442 1020 1443 1029 ἵ

353 1051 550 1117 accirentur?
577 1054 604 1117 si
624 1056 821 1138 Vespasiano
843 1058 962 1121 bellum
984 1056 1186 1135 necaverint,
1206 1056 1381 1138 Vespasia·
1442 1068 1443 1147 J

352 1186 430 1226 num
448 1187 557 1228 rerum
574 1168 688 1249 potiri:
711 1170 760 1229 ein
782 1170 936 1251 populum
953 1192 1118 1232 romanum
1137 1169 1231 1232 aruris
1252 1183 1380 1245 vocent,
1427 1154 1440 1187 ²²¹

351 1293 480 1362 quotam
501 1294 622 1363 partem
644 1281 767 1362 generis
789 1282 919 1344 humani
943 1284 1078 1346 Batavos
1109 1278 1197 1345 esse?
1239 1283 1379 1364 respice·
1429 1272 1440 1307 '⁵

351 1409 422 1458 rent
433 1397 548 1459 Raetos
560 1395 759 1480 Noricosque
774 1410 804 1460 et
818 1410 993 1460 ceterorum
1007 1418 1105 1460 onera
1121 1395 1294 1459 sociorum:
1316 1395 1378 1458 sibi
1431 1384 1437 1419 ⁸³

351 1527 416 1571 non
438 1501 555 1571 tributa
577 1506 632 1571 sed
655 1508 806 1571 virtutem
829 1522 860 1571 et
883 1511 968 1574 viros
989 1508 1094 1573 indici.
1138 1510 1320 1592 proximum
1343 1510 1377 1571 id
1428 1500 1440 1536 '³³

349 1620 506 1685 libertati:
540 1631 570 1683 et
590 1621 617 1683 si
639 1619 841 1685 dominorum
863 1623 971 1687 electio
996 1623 1051 1700 sit,
1073 1622 1236 1686 honestius
1255 1622 1377 1703 princi·
1430 1612 1443 1653 ³⁷²

349 1751 407 1813 pes
435 1732 662 1797 Romanorum
681 1752 776 1816 quam
808 1733 1039 1815 Germanorum
1070 1736 1201 1799 feminas
1233 1736 1376 1799 tolerari.
1431 1724 1441 1769 ²³³

349 1846 435 1909 Haec
453 1847 573 1938 vulgus.
614 1850 785 1912 Procereet
807 1848 962 1911 atrociore
982 1846 1091 1913 Civilis
1110 1852 1198 1913 rabie
1221 1862 1318 1912 semet
1338 1850 1374 1911 in

349 1982 436 2027 arma
450 1975 565 2026 nasos.
584 1960 674 2025 illum
692 1961 868 2027 domesticis
882 1964 972 2025 malis
988 1962 1144 2027 excidium
1156 1964 1254 2045 gentis
1269 1984 1374 2045 oppo·
1437 1963 1443 1999 ²¹

347 2078 458 2141 suisse.
498 2090 573 2142 tuuc
596 2078 738 2142 infensos
761 2078 888 2143 Batavis
911 2074 1003 2158 deos,
1030 2102 1129 2163 quum
1153 2074 1374 2141 obsiderentur

347 2195 501 2275 legiones,
524 2190 776 2257 interficerentur
797 2188 906 2275 legati,
931 2196 1051 2257 bellum
1072 2194 1129 2256 uni
1151 2190 1371 2268 necessarium,

347 2309 445 2370 ferale
460 2310 536 2390 ipsis
555 2322 742 2371 sumeretur.
771 2322 901 2372 ventum
916 2308 955 2371 ad
974 2323 1121 2383 extrema,
1139 2310 1173 2370 ni
1188 2309 1371 2390 resipiscere
1439 2306 1441 2313 ’

348 2420 500 2503 incipiant
521 2432 551 2484 et
577 2419 666 2484 noxii
688 2418 797 2502 capitis
820 2443 924 2504 poena
950 2404 1175 2504 poenitentiam
1202 2424 1370 2486 fateantur.

263 2559 335 2622 s,2s
432 2537 508 2603 Non
529 2538 639 2600 fefellit
657 2528 789 2600 Civilem
812 2559 848 2602 ea
867 2537 1028 2601 inclinatio
1051 2551 1081 2600 et
1102 2539 1286 2620 paraevenire
1307 2552 1370 2601 sta·
1442 2543 1443 2564 ¹

349 2654 406 2719 tuit
427 2675 523 2737 super
543 2651 681 2716 taedium
702 2654 859 2716 malorum
882 2654 976 2716 etiam
996 2674 1051 2736 spe
1071 2655 1169 2732 vitae,
1199 2659 1279 2736 quae
1299 2654 1369 2735 ple·

348 2788 482 2852 rumque
504 2786 632 2852 magnos
649 2755 769 2828 animos
791 2753 941 2847 infringit.
982 2769 1084 2831 Petito
1107 2769 1264 2851 colloquio
1286 2769 1369 2830 sein-

348 2883 433 2946 ditur'
450 2869 602 2944 Nabaliae
622 2879 762 2942 fluminis
779 2900 870 2961 pons,
891 2881 924 2942 in
947 2883 1035 2958 cujus
1057 2883 1190 2963 abrupta
1211 2884 1368 2963 progressi

347 2997 460 3075 duces,
494 3009 525 3058 et
553 2992 661 3056 Civilis
685 2993 730 3055 ita
758 2993 871 3075 eoepit.
914 2992 951 3054 ‘si
976 2983 1061 3074 apud
1083 2994 1203 3056 Vitellii
1229 2995 1368 3074 legatum

348 3111 551 3193 defenderer,
582 3133 685 3195 neque
713 3110 795 3173 facto
823 3130 895 3173 meo
924 3109 1018 3174 venia
1044 3129 1146 3192 neque
1176 3108 1262 3172 dietis
1288 3109 1367 3173 fides

347 3231 529 3294 debebatur.
571 3241 682 3291 cuneta
706 3227 790 3290 inter
815 3245 875 3288 nos
896 3223 1039 3302 inimica,
1070 3226 1214 3302 hostilia,
1248 3225 1288 3286 ab
1310 3224 1366 3286 illo

347 3358 476 3426 coepta,
510 3364 529 3404 a
560 3360 610 3404 me
640 3352 731 3403 aucta
761 3351 861 3400 erant.
913 3359 986 3418 erga
1015 3339 1244 3420 Vespasianum
1275 3349 1367 3402 vettts
1442 3373 1443 3388 .

345 3461 423 3522 mihi
443 3441 659 3531 obseruantia,
681 3468 711 3516 et
731 3474 830 3535 quum
852 3451 994 3533 privatus
1016 3466 1095 3515 esset
1117 3451 1209 3514 amici
1229 3455 1367 3516 vocaba-

345 3596 429 3637 nmr.
468 3572 530 3634 hoc
550 3568 655 3630 Prim0
674 3564 814 3626 Antonio
833 3577 952 3642 notum,
974 3571 1062 3642 eujus
1081 3565 1219 3646 epistolia
1239 3563 1278 3628 ad
1297 3567 1368 3626 bel-

344 3689 410 3750 lum
433 3686 547 3749 accitus
569 3703 656 3761 sum,
685 3701 726 3742 ne
753 3681 946 3760 germanicae
973 3681 1111 3760 legiones
1133 3695 1164 3743 et
1183 3681 1292 3760 gallica
1312 3685 1367 3758 ju·

345 3815 457 3864 ventus
479 3802 564 3882 alpes
586 3793 867 3861 manescenderent.
917 3815 997 3877 quae
1028 3795 1184 3859 Antonius
1214 3794 1365 3876 epistolis,

345 3914 547 3979 Hordeonius
568 3914 698 3976 flaccus
720 3932 868 3994 praesens
889 3911 1046 3988 monebat,
1067 3931 1155 3972 arma
1175 3909 1209 3970 in
1231 3908 1365 3970 Germa·

345 4029 398 4090 uia
421 4029 516 4104 movi,
539 4048 619 4110 quae
643 4025 811 4086 Mucianus
831 4024 865 4085 in
888 3998 989 4105 Syria,
1011 4023 1159 4107 Aponius
1182 4022 1218 4084 in
1236 4022 1362 4086 Moesia

345 4142 512 4206 flavianus
537 4143 568 4201 in
590 4137 764 4200 Panisonia’
778 4180 943 4200 ......

1442 4409 1443 4442 l

1442 4453 1443 4486 l

1442 4491 1443 4520 l

1442 4599 1443 4650 l
