2959 4875
312 420 356 489 ss
435 502 438 511 ,
662 414 981 487 numerosus

312 593 405 673 longe
428 598 551 672 agentes
577 587 692 672 raptim
712 588 901 671 transmisit,
931 585 1036 653 addita
1058 588 1250 654 Batavorum
1278 591 1340 669 ala,

314 712 479 790 quaejam
501 704 625 787 pridem
647 717 797 787 corrupta
816 703 910 770 fidem
932 705 1116 786 simulabat,
1149 717 1186 769 ut
1203 706 1339 787 proditis

313 823 347 885 in
376 822 446 905 ipsa
479 823 544 885 acie
577 822 729 888 Romanis
760 826 879 900 majore
908 822 1013 903 pretio
1042 823 1175 901 fugeret.
1228 820 1339 885 Civilis

315 951 478 1021 captorum
508 937 685 1001 cohortium
715 936 811 1017 signis
840 936 1066 1014 circumdatus,
1095 950 1132 999 ut
1159 956 1222 998 suo.
1244 936 1339 998 militi

313 1071 423 1115 recens
444 1052 543 1132 gloria
567 1064 638 1114 ante
661 1052 771 1115 oculos
798 1063 831 1113 et
854 1052 961 1114 hostes
982 1052 1133 1113 memoria
1156 1047 1251 1113 cladis
1272 1062 1338 1113 ter·

313 1178 468 1245 rorantur,
492 1177 624 1227 matrem
650 1178 742 1227 suam
762 1178 968 1249 sororesque,-
984 1167 1078 1229 simul
1098 1165 1240 1230 omniurn
1261 1186 1338 1227 con·

311 1288 399 1364 juges
418 1294 598 1365 parvosque
618 1283 736 1345 liberos
758 1282 927 1345 consistere
948 1304 968 1344 a
993 1294 1080 1363 ter'go
1103 1285 1208 1360 jubet,
1225 1283 1337 1344 borta-

312 1412 418 1465 menta
438 1395 586 1463 victoriae
606 1397 657 1459 uel
678 1394 777 1477 pulsis
799 1395 976 1483 pudorem.⁴
1005 1396 1051 1458 Ut
1072 1395 1214 1460 virorum
1234 1406 1340 1468 cantu,

313 1518 502 1581 feminarum
520 1512 645 1574 ululatu
666 1509 774 1572 sonuit
790 1510 881 1589 acics,
903 1530 1104 1594 nequaquam
1124 1530 1185 1592 par
1204 1530 1224 1569 a
1240 1507 1339 1587 legio·

314 1632 408 1691 nibus
439 1626 686 1706 cohortibusque
715 1621 860 1687 reciditur
887 1625 1016 1689 clamor.
1058 1621 1233 1688 nudaverat
1260 1622 1341 1686 sini·

314 1756 415 1805 strum
439 1760 538 1803 cornu
570 1738 765 1801 Batavorum
791 1740 842 1799 ala
869 1738 1079 1816 mansingiens
1106 1740 1275 1820 statimque
1303 1737 1339 1799 iu

314 1879 373 1921 nos
394 1878 496 1921 versa.
538 1852 603 1917 Sed
624 1851 816 1934 legionarius
837 1853 926 1917 miles
950 1874 1135 1937 quanquam
1153 1856 1251 1917 rebus
1272 1867 1341 1915 tre·

314 1974 396 2059 pidis
409 1995 500 2036 arma
518 1968 707 2053 ordinesque
728 1967 894 2032 retinebat.
935 1969 1094 2033 Ubiorum
1106 1970 1340 2033 Treverorum-

316 2110 378 2174 que
406 2086 523 2149 auxilia
548 2082 644 2145 foeda
670 2082 745 2160 fuga
774 2078 1016 2163 dispersatotis
1042 2079 1159 2163 campis
1179 2083 1340 2162 palantur.

314 2206 389 2267 illuc
417 2202 590 2264 incubuere
618 2196 786 2259 Germani:
817 2210 848 2259 st
877 2196 939 2259 fuit
964 2196 1091 2259 interim
1120 2197 1271 2276 effugium
1289 2198 1340 2257 le·

315 2316 462 2398 gionibus
485 2312 518 2373 in
543 2321 642 2372 castra
670 2308 794 2391 quibus·
814 2309 969 2371 Veterum
994 2317 1111 2371 nomen
1141 2321 1196 2372 est.
1217 2340 1221 2369 ;
1244 2319 1339 2390 prae-

316 2432 415 2492 fectus
439 2426 506 2489 alae
526 2424 718 2486 Batavorum
746 2418 897 2482 Claudius
923 2421 1050 2500 Labeo,
1080 2421 1240 2505 oppidano
1269 2443 1339 2486 cer·

314 2545 430 2606 tamine
464 2539 606 2604 aemcrlus
637 2532 748 2613 Civili,
780 2555 821 2598 ne
852 2533 1041 2600 interfectus,
1067 2535 1219 2602 inuidiam
1250 2535 1339 2618 apud

314 2660 485 2744 populares
515 2653 565 2720 vel
590 2652 618 2717 si
640 2650 831 2715 retineretur
858 2651 978 2714 semina
1004 2649 1175 2714 discordiae
1204 2653 1339 2735 praebe·

315 2787 382 2852 ret,
402 2774 437 2834 in
458 2769 577 2833 Frisios
599 2768 755 2834 avehitur.

232 2897 302 2958 nte
402 2887 504 2951 Isdem
527 2884 637 2948 diebus
660 2885 853 2947 Batavorum
882 2894 914 2944 et
941 2882 1195 2946 Canninefatium
1223 2887 1339 2949 cobor-

316 3016 380 3082 tes,
408 3023 508 3085 quum
526 3004 615 3078 jussu
637 2997 758 3058 Vitellii
781 2997 816 3057 in
837 2997 950 3056 urbem
971 3010 1153 3078 pergerent,
1181 2999 1293 3060 missus
1317 3022 1340 3062 a

318 3118 417 3183 Civile
447 3117 577 3179 nuntius
604 3113 792 3196 assequitur.
841 3110 1021 3173 intumuere
1053 3112 1158 3174 statim
1189 3111 1341 3192 superbia

316 3235 513 3316 ferociaque,
545 3243 576 3293 et
603 3231 739 3312 pretium
768 3227 889 3291 itineris
913 3226 1113 3307 donativum',
1142 3225 1262 3308 duplex
1283 3226 1340 3290 sti·

316 3347 484 3430 pendium,
511 3346 618 3426 augeri
649 3347 790 3428 equitum
818 3361 1003 3419 numerum,
1033 3340 1187 3423 promissa
1215 3361 1290 3401 sane
1319 3362 1341 3402 a

316 3461 456 3537 Vitellio,
484 3460 693 3542 posurlabant,
716 3476 782 3517 non
803 3466 840 3516 ut
861 3466 1112 3537 assequerentur,
1135 3453 1191 3517 sed
1211 3459 1339 3515 causam

317 3572 473 3639 seditioni.
515 3571 554 3633 Et
576 3571 704 3634 Flaccus
725 3569 826 3630 multa
850 3564 1051 3630 concedendo
1078 3567 1158 3630 nihil
1185 3564 1270 3630 aliud
1291 3567 1341 3627 ef-

315 3692 434 3754 fecerat
458 3709 553 3772 quam
575 3698 611 3749 ut
630 3686 731 3748 acrius
753 3694 959 3764 exposcerent
978 3701 1061 3763 quas
1082 3680 1223 3742 sciebant
1242 3699 1341 3758 nega·

317 3818 434 3867 turum.
484 3811 589 3883 spreto
617 3797 728 3860 Flacco
758 3797 943 3858 inferiorem
970 3794 1171 3858 Germaniam
1198 3794 1340 3876 petivere

318 3930 352 3980 ut
388 3915 480 3979 Civili
514 3919 730 3992 jungerentur.
780 3907 983 3972 Hordeonius
1019 3907 1168 3970 adhibitis
1201 3905 1341 3969 tribunis

319 4030 619 4110 centurionibusque
650 4024 853 4100 consultavit,
883 4041 960 4082 num
987 4021 1174 4104 obsequium
1196 4021 1342 4082 abnuen-

319 4163 365 4212 tes
395 4151 426 4210 vi
455 4153 621 4208 coerceret.
662 4141 743 4203 Mox
768 4139 862 4201 insita
889 4137 1014 4218 ignavia
1041 4151 1073 4200 et
1093 4135 1223 4219 trepidis
1244 4135 1343 4198 mini·
