2959 4875
497 460 560 530 nx
583 460 822 533 merosus
933 420 935 423 ’
1106 442 1185 537 101'

142 629 273 695 advenit
292 628 509 713 proficiscendi
525 632 606 695 hora
628 633 860 717 exspectatione
880 637 1008 701 tristior.
1050 639 1168 723 quippe

141 747 227 809 intra
248 747 366 810 vallum
388 745 572 810 deformitas
595 748 680 812 baud
701 746 835 831 perinde
856 753 1017 815 notabilis:
1051 750 1168 815 detexit

142 861 347 942 ignominiam
362 881 491 942 campus
510 874 542 924 ct
559 860 636 926 dies.
677 864 833 927 Revulsae
849 864 1075 949 imperatorum
1089 868 1167 929 ima·

142 977 249 1057 gines,
280 974 438 1037 inhonora
466 977 571 1057 signa,
602 980 793 1059 fulgentibus
814 980 982 1044 hincinde
1005 983 1167 1046 Gallorum

142 1090 285 1153 vexiliis:
314 1088 409 1151 silens
439 1112 550 1170 agmen
575 1107 609 1157 et
636 1096 723 1158 velut
745 1096 858 1177 longae
880 1099 1058 1181 exsequiae.
1102 1097 1168 1160 dux

143 1201 296 1267 Claudius
317 1201 451 1265 Sanctus
472 1204 588 1267 effosso
611 1208 712 1283 oculo,
737 1204 824 1271 dirus
846 1230 911 1286 ore,
933 1210 1057 1291 ingenio
1078 1210 1167 1273 debi-

141 1320 212 1383 lior.
254 1320 444 1401 Duplicatur
464 1320 632 1401 flagitium,
657 1337 824 1407 postquam
847 1322 975 1389 desertis
996 1326 1167 1391 bonnensi-

143 1433 203 1494 bus
225 1434 334 1497 castris
356 1436 451 1496 altera
473 1455 506 1496 se
527 1437 609 1516 legio
630 1436 807 1503 miscuerat.
849 1440 889 1503 Et
914 1444 1039 1521 vulgata
1062 1454 1166 1523 capta·

143 1566 215 1607 rum
235 1548 396 1627 legionum
423 1550 508 1612 fama
531 1551 636 1614 cuncti
656 1552 713 1636 qui
738 1554 836 1636 paulo
858 1568 930 1617 ante
951 1555 1166 1619 Romanorum

144 1678 263 1721 nomen
281 1661 456 1723 horrebant
475 1676 698 1743 procurrentes
722 1686 764 1725 ex
782 1665 863 1745 agris
882 1668 1031 1749 tectisque
1053 1680 1084 1729 et
1107 1690 1166 1729 un·
1211 1680 1213 1687 '

144 1772 242 1857 dique
256 1775 350 1840 effusi
366 1776 495 1840 insolito
514 1780 691 1861 spectaculo
707 1779 838 1843 nimium
853 1783 1049 1844 fruebantur.
1090 1780 1165 1843 Non

143 1890 220 1951 tulit
238 1890 287 1954 ala
306 1890 466 1971 picentina
489 1894 639 1973 gaudium
659 1895 838 1958 insultantis
858 1897 962 1975 vulgi,
992 1896 1164 1977 spretisque

143 2001 255 2066 Sancti
284 2004 444 2085 promissis
481 2017 534 2068 aut
565 2005 659 2068 minis
688 2007 922 2087 Mogontiacum
961 2009 1093 2081 abeunt,
1129 2027 1163 2067 ac

141 2118 227 2181 forte
250 2120 345 2182 obvio
375 2119 577 2182 interfectore
606 2121 748 2183 Voculae
779 2118 924 2199 Longino
957 2118 1101 2195 conjectis
1129 2118 1162 2179 in

142 2252 215 2295 aum
244 2233 315 2295 telis
345 2230 470 2295 initium
493 2230 704 2296 exsolvendae
731 2231 766 2294 in
795 2246 956 2313 posterum
980 2232 1088 2313 culpae
1116 2232 1163 2293 fe·

141 2365 223 2409 cere.
263 2344 421 2427 Legiones
451 2344 531 2410 nihil
553 2358 674 2411 mutato
702 2347 815 2410 itincre
844 2358 915 2409 ante
938 2347 1062 2409 moenia
1083 2348 1162 2409 Tre-

139 2481 290 2525 verorum
310 2459 488 2524 considunt.
1158 2451 1163 2461 ’

228 2573 338 2640 Civilis
359 2588 390 2638 et
410 2574 564 2638 Classicus
594 2576 691 2639 rebus
714 2574 858 2638 secundis
879 2577 992 2639 sublati
1014 2598 1053 2637 an
1076 2578 1161 2638 colo·
1174 2584 1243 2648 4,(ῑὸ

139 2689 226 2752 niam
256 2691 508 2773 agrippinensem
539 2689 749 2774 diripiendam
781 2690 968 2753 exercitibus
998 2689 1061 2752 suis
1088 2710 1161 2771 per·
1201 2725 1203 2727 -

139 2804 299 2866 mitterent
319 2803 521 2890 dubitavere.
553 2804 682 2868 saevitia
699 2803 839 2884 ingenita
858 2815 888 2866 et
907 2802 1052 2885 cupidine
1069 2821 1161 2883 prae·
1236 2825 1238 2828 ·

140 2917 200 2980 dac
228 2918 270 2982 ad
292 2918 448 2982 excidium
479 2919 612 2983 civitatis
642 2919 857 2981 trahebantur.
908 2919 1052 2980 obstabat
1079 2917 1161 2978 ratio

139 3035 216 3096 belli
239 3045 272 3096 et
292 3054 413 3098 norum
434 3033 602 3115 imperium
624 3031 849 3094 inchoantibus
871 3032 956 3095 utilis
981 3029 1160 3093 clementiae

140 3149 235 3210 fama.
291 3146 423 3212 Civilem
452 3149 542 3209 etiam
575 3143 719 3208 beneficii
750 3144 902 3206 memoria
932 3143 1038 3220 flexit,
1074 3141 1161 3223 quod

140 3263 240 3326 filium
265 3267 333 3341 ejus
352 3264 456 3345 primo
486 3282 592 3324 rerum
620 3271 711 3322 motu
739 3259 773 3321 in
801 3262 924 3322 colonia
951 3259 1163 3340 agrippinensi

140 3374 374 3457 deprehensum
397 3377 552 3438 honorate
575 3373 804 3438 custodierant.
846 3372 901 3436 sed
927 3375 1187 3438 transrhenanis.

139 3489 285 3567 gentibus
308 3488 411 3554 inrisa
431 3488 539 3551 civitas
560 3487 723 3570 opulentia
744 3500 918 3572 auctoque:
943 3511 1045 3574 neque
1067 3493 1163 3553 alium

140 3600 238 3664 finem
259 3603 335 3666 belli
355 3605 509 3666 rebantur
531 3625 626 3686 quam
648 3606 675 3666 si
692 3607 872 3685 promiscua
894 3627 931 3666 ea
953 3604 1041 3668 sedes
1063 3605 1163 3666 omni-

139 3715 201 3778 bus
215 3715 382 3778 Germanis
398 3717 480 3779 foret
493 3729 547 3778 aut
561 3715 687 3793 disjecta
699 3716 800 3778 Ubios
816 3738 943 3800 quoque
959 3715 1164 3796 dispersisset.

228 3830 330 3910 Igitur
350 3831 498 3892 Tencteri
518 3830 631 3892 Rheno
654 3827 786 3891 discreta
807 3849 900 3908 gens,
934 3827 1035 3890 missis
1057 3828 1164 3907 legatis
1178 3830 1203 3892 4,
1213 3834 1247 3886 64

140 3941 292 4007 mandata
329 3944 414 4027 apud
449 3945 617 4010 concilium
646 3944 922 4027 Agrippinensium
962 3942 1012 4005 edi
1044 3946 1182 4022 juben.t‚·
1212 3975 1215 3982 ·

142 4081 226 4143 quae
255 4060 468 4126 ferocissimus
498 4084 514 4124 e
543 4061 653 4143 legatis
684 4062 716 4122 in
751 4062 836 4123 hunc
865 4056 993 4120 modum
1024 4059 1167 4140 protulit.

142 4173 275 4238 ‘redisse
303 4195 361 4240 vos
384 4178 419 4237 in
449 4196 563 4257 corpus
587 4195 766 4260 nomenque
787 4171 972 4238 Germaniae
994 4172 1167 4238 communi·
