2959 4875
319 413 361 478 ts
711 401 946 472 ussuutttts

318 583 371 648 siis
398 581 589 646 vocobulum
614 588 661 641 est
689 598 730 640 ex
753 575 850 660 motio
871 576 998 642 virium.
1048 573 1211 658 Utraeqoe
1234 575 1342 640 natio-

319 720 374 762 nes
396 717 496 781 usque
518 694 558 759 ad
578 716 730 760 oceanum
747 694 862 756 Rheno
882 701 1112 774 praetexuntur
1131 691 1342 771 ambiuntque

317 813 487 876 immensos
516 810 645 892 insuper
668 811 756 873 lacus
777 822 810 871 et
835 809 975 872 romanis
995 806 1145 870 classibus
1165 805 1343 885 navigatos.

318 928 421 1008 ipsum
444 925 522 1010 quin
551 925 645 986 etiam
676 945 829 988 oceanum
856 924 912 984 itta
933 923 1131 984 tentavimus.
1173 933 1206 983 et
1227 940 1343 1001 super·

318 1062 384 1103 csse
408 1040 509 1104 adhuc
530 1039 675 1104 Herculis
695 1041 857 1102 columnas
880 1037 963 1098 fama
983 1036 1139 1116 vulgavit:
1170 1036 1235 1098 sive
1262 1033 1343 1096 adiit

317 1155 485 1231 Hercules,
509 1174 580 1230 seu,
603 1150 759 1234 quidquid
779 1151 897 1231 ubique
915 1149 1114 1228 magnificum
1137 1160 1198 1226 est,
1218 1149 1253 1208 in
1275 1150 1341 1208 cla·

226 1339 229 1346 ¹
314 1270 439 1333 ritatem
465 1275 531 1347 ejus
555 1268 675 1329 referre
702 1268 929 1329 consensimus.
970 1264 1037 1326 Nec
1063 1262 1165 1326 defuit
1189 1262 1342 1326 audentia

315 1386 422 1449 Druso
451 1383 656 1462 Germanico,
685 1380 740 1445 sed
762 1381 883 1444 obstitit
906 1399 1042 1443 oceanus
1064 1381 1099 1442 in
1120 1400 1154 1442 se
1175 1380 1270 1442 simul
1290 1390 1341 1440 at-

315 1501 432 1584 quein
454 1497 622 1560 Herculem
645 1495 773 1578 inquiri.
814 1515 891 1557 mox
910 1514 1005 1557 nemo
1025 1492 1165 1568 tentavit,
1185 1492 1340 1554 sanctius·

314 1637 378 1700 que
400 1637 436 1677 ac
456 1615 651 1680 reverentius
671 1612 774 1675 visum
795 1608 834 1672 de
854 1610 929 1674 actis
948 1609 1080 1673 deorum
1095 1606 1223 1672 credere
1241 1631 1341 1693 quam

313 1747 404 1790 serre.

265 1851 301 1900 ³5
399 1843 558 1904 Hactenus
585 1841 620 1902 in
649 1835 843 1900 occidentem
871 1837 1073 1901 Germaniam
1101 1836 1258 1900 norimus.
1298 1838 1340 1899 ln

314 1957 557 2040 septentrionem
590 1953 708 2035 ingenti
739 1953 825 2015 flexu
858 1950 949 2014 redit.
1004 1953 1050 2014 Ac
1087 1952 1193 2033 primo
1233 1953 1340 2018 statim

314 2069 515 2136 Cauchorum
528 2065 558 2151 *)
579 2087 664 2148 gens,
684 2087 867 2150 quanquam
885 2065 1013 2146 incipiat
1034 2087 1053 2126 a
1072 2065 1182 2128 Frisiis
1205 2088 1241 2127 oc
1262 2087 1340 2147 par·

314 2199 376 2250 tem
397 2187 499 2249 litoris
521 2193 670 2264 occupet,
699 2183 842 2244 omnium
869 2202 949 2262 quas
976 2181 1110 2262 exposui
1129 2180 1269 2260 gentium
1288 2183 1339 2242 la·

313 2301 432 2362 teribus
466 2296 665 2371 obtenditur,
695 2293 796 2358 donec
825 2295 858 2357 in
890 2295 1018 2359 Chattos
1049 2317 1151 2380 usque
1181 2297 1339 2359 sinuetur.

314 2411 393 2473 Tam
424 2412 609 2474 immensum
636 2421 792 2473 terrarum
819 2412 955 2493 spatium
982 2433 1050 2477 non
1077 2424 1187 2476 tenent
1212 2425 1339 2475 tantum

315 2526 433 2591 Cauchi
451 2527 506 2591 sed
529 2539 560 2589 et
577 2528 724 2609 implent:
746 2529 883 2610 populus
903 2531 988 2592 inter
1007 2530 1183 2595 Germanos
1203 2532 1339 2595 nobilis·

314 2644 428 2721 simus,
458 2643 576 2727 quique
604 2641 849 2722 magnitudinem
873 2663 963 2706 suam
989 2646 1078 2706 malit
1102 2643 1222 2723 iustitia
1242 2644 1339 2707 tueri.

313 2754 388 2819 Sine
411 2756 589 2839 cupiditate,
617 2755 684 2817 sine
705 2755 899 2836 impotentia,
924 2758 1029 2841 quiete
1051 2758 1225 2841 secretique
1248 2759 1340 2819 nulla

312 2886 486 2952 provocant
506 2872 604 2949 bella,
626 2870 721 2932 nullis
743 2873 886 2952 raptibus
908 2884 964 2933 aut
984 2872 1157 2934 latrociniis
1178 2872 1339 2953 populan-

313 2992 376 3044 tur.
419 2981 456 3044 Id
476 2984 678 3063 praecipuum
700 2981 880 3045 virtutisne
899 2984 1016 3046 virium
1036 2997 1255 3066 argumentum
1278 2997 1338 3064 est,

313 3093 399 3177 quod
421 3107 458 3157 ut
483 3095 661 3177 superiores
685 3110 776 3176 agant
799 3118 865 3160 non
885 3120 943 3180 per
961 3098 1092 3177 injurias
1112 3111 1338 3182 assequuntur.

312 3224 460 3293 prompta
480 3222 586 3273 tamen
608 3212 757 3275 omnibus
778 3234 882 3285 mma,
911 3237 947 3279 ac
968 3216 997 3278 si
1014 3238 1066 3280 res
1086 3229 1194 3297 poscat
1214 3217 1338 3279 exerci-

311 3330 372 3395 tus,
393 3321 570 3401 'plurimum
599 3324 742 3389 virorum
771 3345 1006 3412 equorumque,
1040 3341 1071 3391 et
1101 3331 1338 3414 quiescentibus

313 3430 422 3496 eadem
443 3435 536 3496 fama.

366 3724 391 3791 ⁸)
411 3722 508 3779 Cauchi
526 3724 567 3777 vei
585 3724 666 3779 Csuci
683 3726 849 3781 scribendum
868 3736 924 3795 est,
951 3746 1002 3783 uon
1020 3729 1135 3797 Chauci,
1159 3748 1219 3785 nsm
1237 3733 1336 3787 Ptoio-

312 3830 387 3871 msco
404 3820 509 3887 Καῡχοι
526 3822 662 3891 dicuntur,
683 3824 773 3879 Chatti
789 3842 853 3881 vero
872 3826 1048 3895 Chemsciqua
1065 3826 1187 3892 Χάτται,
1211 3834 1335 3903 Χαιρου-

312 3918 387 3968 σικοῑ.
429 3914 487 3970 htst.
513 3922 539 3985 t,
564 3924 600 3973 ts
625 3920 759 3976 nediceus
781 3924 840 3978 eod.
865 3930 939 3977 reeta
962 3925 1074 3980 Cauchis
1101 3928 1242 3995 (waltheri
1266 3931 1335 3985 Tac.

311 4013 337 4077 t,
361 4013 429 4080 tte)
454 4016 521 4070 eant.
547 4018 646 4074 Lttcan.
662 4020 747 4089 phars.
764 4024 787 4088 1,
804 4026 859 4077 468
883 4023 1027 4090 crinigeros
1049 4002 1336 4093 Castrum-Claudios.

310 4110 368 4164 stit.
387 4112 408 4178 Ι,
426 4116 479 4165 stt
498 4118 609 4183 enricus,
627 4122 653 4173 in
672 4120 783 4190 Eutrop.
803 4124 823 4186 Ι,
841 4126 896 4176 319
913 4122 1017 4178 caten
