2959 4875
476 438 538 506 EX
559 438 796 506 HISTORIIS
1102 445 1143 509 67

125 638 190 679 sam
214 628 246 677 et
267 634 409 695 asperam
429 612 572 675 militiam
603 615 815 680 toleraverant
836 612 962 695 ingenio
985 616 1046 680 loci
1075 640 1146 681 coe·

125 732 210 811 lique
233 740 264 787 et
285 726 447 788 severitate
469 723 667 807 disciplinae,
697 748 792 810 quam
814 727 847 789 in
868 750 945 811 pace
965 729 1146 795 inexorabi-

125 843 188 903 lem
216 837 387 900 discordiae
417 838 533 902 civium
558 842 724 905 resolvunt
754 842 871 924 paratis
902 843 1049 927 utrinque
1077 865 1148 907 cor·

127 952 312 1035 ruptoribus
333 964 365 1013 et
385 950 516 1032 perfidia
544 952 709 1035 impunita.
759 954 849 1033 Viri,
878 974 982 1033 arma,
1013 956 1087 1041 equi
1110 956 1150 1018 ad

130 1090 222 1131 usum
242 1082 274 1130 et
293 1066 333 1128 ad
358 1065 452 1129 decus
475 1080 668 1147 supererant.
717 1066 773 1131 sed
801 1080 872 1129 ante
898 1070 1016 1131 bellum
1042 1084 1151 1134 centu·

129 1184 192 1246 rias
213 1196 334 1247 tantum
355 1203 428 1244 suas
448 1195 631 1264 turmasque
656 1196 829 1248 noverant:
861 1185 1015 1248 exercitus
1035 1184 1151 1250 finibus

131 1301 364 1383 provinciarum
391 1296 657 1361 discernebantur.
710 1299 795 1362 Tum
817 1296 965 1363 adversus
985 1298 1152 1365 Vindicem

132 1424 307 1476 contractae
328 1410 466 1490 legiones
497 1428 594 1491 seque
619 1421 649 1471 et
679 1408 797 1473 Gallias
826 1425 973 1493 expertae
1000 1386 1151 1499 quaerere

130 1546 242 1588 rursus
269 1546 355 1588 arma
382 1544 544 1607 novasque
573 1521 761 1602 discordias,
793 1545 851 1587 nec
879 1527 980 1589 socios
1003 1540 1039 1589 ut
1068 1528 1152 1603 olim,

132 1637 188 1703 sed
207 1640 314 1701 hostes
335 1636 481 1699 strictos
504 1637 670 1700 vocabant.
720 1636 788 1699 Nec
810 1637 917 1701 deerat
936 1660 1010 1723 pars
1037 1641 1154 1705 Gallia-

131 1775 220 1831 rum,
254 1774 336 1835 quae
363 1750 511 1812 Rhenum
540 1753 668 1831 accolit,
704 1750 829 1816 easdem
858 1766 962 1835 partes
986 1769 1090 1819 secuta
1119 1776 1154 1817 ac

132 1881 202 1931 tum
226 1866 375 1929 acerrima
396 1864 572 1944 instigatrix
601 1865 751 1931 adversus
775 1866 962 1932 Galbianos:
988 1871 1050 1932 hoc
1072 1869 1156 1933 enim

133 2004 272 2061 nomen,
307 1980 440 2045 fastidito
468 1980 620 2059 Vindice,
650 1980 840 2043 indiderant.
883 1983 981 2062 Igitur
1002 1982 1156 2067 Sequanis

133 2098 318 2181 Aeduisque
345 2119 380 2159 ac
409 2094 523 2160 deinde
551 2108 649 2178 prout
669 2095 841 2177 {opulentia
873 2095 1050 2160 civitatibus
1081 2106 1156 2178 erut,

134 2215 253 2277 infensi
285 2213 532 2296 expugnationes
566 2213 710 2289 urbium,
750 2212 971 2295 populationes
1003 2234 1156 2293 agrorum,

134 2342 248 2411 raptus
274 2329 435 2410 penatium
465 2328 638 2389 hauserunt
666 2326 789 2407 animo,
820 2348 916 2409 super
941 2327 1102 2392 avaritiam
1128 2338 1158 2391 el

136 2444 355 2524 arrogantiam,
375 2441 544 2525 praecipua
560 2435 749 2504 validiorum
765 2440 850 2518 vitia,
873 2442 1067 2504 contumacia
1083 2441 1158 2503 Gal·

136 2562 245 2622 lorum
264 2560 393 2636 irritati,
424 2557 480 2641 qui
500 2556 661 2618 remissam
683 2555 744 2616 sibi
770 2577 789 2615 a
813 2555 914 2618 Galba
939 2570 1083 2639 quartam
1105 2558 1159 2618 tri·

137 2677 290 2736 buturum
310 2684 432 2753 partem
451 2685 481 2734 et
496 2671 621 2752 publice
640 2666 771 2732 donatos
793 2668 827 2730 in
848 2669 1050 2750 ignominiam
1070 2693 1160 2732 exer-

138 2791 218 2852 citus
238 2792 406 2867 jactabant.
454 2788 583 2850 accessit
606 2784 716 2849 callide
744 2788 921 2866 vulgatum,
936 2801 1068 2862 xtemere
1093 2809 1160 2852 cre·

139 2903 256 2981 ditum,
289 2900 448 2964 decumani
476 2900 615 2980 legiones
646 2912 676 2961 et
704 2901 973 2983 promptissimum
1003 2924 1160 2986 quemque

138 3019 360 3080 centurionum
387 3015 509 3078 dimitti.
550 3013 700 3097 Undique
730 3028 852 3079 atroces
881 3015 1002 3094 nuntii,
1036 3017 1161 3079 sinistra

140 3155 182 3194 ex
202 3136 281 3194 urbe
304 3132 406 3192 lama:
438 3130 560 3191 Mensa
578 3127 783 3208 lugdunensis
807 3129 929 3191 colonia
957 3141 988 3190 et
1008 3129 1162 3210 pertinaci

139 3267 200 3328 pro
221 3245 351 3309 Nerone
371 3243 432 3306 fide
461 3241 595 3307 fecunda
623 3242 815 3306 rumoribus.
866 3242 928 3305 Sed
957 3244 1091 3324 plurima
1121 3241 1162 3305 ad

139 3358 323 3440 fingendum
344 3356 597 3438 credendumque
619 3356 763 3419 materies
785 3355 820 3417 in
841 3355 917 3438 ipsis
940 3357 1056 3438 castris,
1079 3356 1161 3435 odio,

140 3485 245 3551 metu,
266 3485 298 3534 et
317 3474 374 3535 ubi
393 3473 474 3536 vires
496 3490 568 3532 suas
588 3482 793 3550 respexerant
813 3471 987 3534 securitate.

226 3585 294 3648 Sub
312 3586 397 3667 ipsas
425 3583 596 3666 superioris
624 3584 700 3645 anni
728 3584 872 3647 calendas
898 3585 1076 3648 decembres
1097 3586 1162 3644 Au-
1180 3591 1248 3653 t‚52

140 3701 191 3762 lus
219 3701 366 3762 Vitellius
396 3701 578 3762 inferiorem
611 3698 811 3762 Germaniam
842 3702 1000 3780 ingressus
1030 3697 1164 3756 hiberna

140 3816 303 3896 legionum
332 3835 404 3876 cum
433 3835 508 3874 cura
532 3813 661 3874 adierat.
709 3810 824 3873 redditi
845 3811 1005 3895 plerisque
1029 3809 1163 3888 ordines,

140 3929 273 3990 remissa
304 3928 493 4008 ignominia,
527 3929 677 3990 allevatae
708 3939 820 4003 notae,
854 3927 948 4006 plura
983 3927 1163 4004 ambitione,

142 4043 300 4128 quaedam
320 4044 454 4126 iudicio,
475 4047 510 4106 in
532 4046 648 4129 quibus
669 4041 796 4104 sordem
818 4054 850 4104 et
871 4043 1032 4105 avaritiam
1053 4043 1166 4106 Fontei

141 4158 306 4241 Capitonis
350 4159 524 4224 adimendis
563 4156 793 4241 assignandisve
832 4157 958 4220 militiae
1004 4157 1166 4222 ordinibus

863 4273 909 4336 5*
