2959 4875
319 413 363 482 ts
658 407 721 478 nx
744 405 998 477 anmantuus

321 586 431 651 eodem
453 585 527 649 elisa
552 583 773 648 toleraverant.
815 584 883 646 sola
904 578 1083 645 Germanici
1103 580 1240 644 triremis
1258 579 1345 645 Cau-

322 703 454 766 chorum
486 711 602 762 terram
617 703 622 715 ⁸
635 697 774 780 appulit,
814 717 910 782 quem
944 715 1003 777 per
1035 714 1144 757 omnes
1175 695 1247 757 illos
1278 694 1347 758 dies

322 827 491 898 noctesque
513 809 597 896 apud
618 811 766 894 scopulos
786 821 818 873 et
838 811 1054 893 prominentes
1076 828 1164 887 oras,
1189 829 1290 890 quum
1312 828 1346 870 se

322 931 401 993 tanti
429 928 515 994 exitii
542 947 632 990 reum
660 925 847 1002 clamitaret,
879 924 934 987 vix
963 922 1133 986 cohibuere
1160 921 1253 982 amici
1281 942 1347 1003 quo

324 1045 429 1107 minus
457 1038 568 1106 eodem
592 1041 672 1103 mari
694 1049 866 1121 oppeteret.
908 1035 1050 1100 Tandem
1075 1037 1237 1098 relabente
1258 1048 1347 1097 aestu

325 1169 353 1218 et
386 1150 577 1218 secundante
608 1164 703 1217 vento
734 1150 866 1214 claudae
896 1163 996 1213 naves
1022 1170 1097 1214 raro
1128 1151 1261 1230 remigio
1294 1162 1349 1212 aut

323 1268 451 1331 intentis
473 1267 612 1332 vestibus
635 1278 667 1329 et
693 1264 849 1350 quaedam
875 1286 895 1328 a
922 1265 1129 1331 validioribus
1154 1276 1271 1328 tractae
1296 1285 1349 1328 re·

325 1395 459 1462 vertere,
477 1401 555 1466 quas
576 1381 692 1465 raptim
710 1382 845 1447 refectas
866 1381 951 1445 misit
967 1394 1004 1445 nt
1023 1393 1238 1445 scrutarentur
1257 1379 1350 1442 insu·

325 1498 383 1562 las.
423 1496 546 1561 collecti
566 1517 603 1560 ea
622 1519 699 1561 cura
720 1499 884 1584 plerique,
911 1498 1028 1562 multos
1047 1495 1225 1579 Angrivarii
1245 1515 1351 1578 nuper

326 1609 361 1674 in
392 1608 486 1674 fidem
519 1612 637 1693 accepti
664 1609 843 1694 redemptos
872 1613 912 1675 ab
940 1610 1143 1674 interioribus
1173 1606 1352 1687 reddidere,

328 1723 457 1808 quidam
485 1725 520 1786 in
548 1723 745 1788 Britanniam
771 1728 856 1807 rapti
885 1737 915 1788 et
941 1725 1064 1788 remissi
1088 1746 1107 1786 a
1130 1723 1258 1806 regulis,
1306 1721 1355 1789 th

329 1835 400 1918 quis
423 1856 464 1898 ex
490 1835 665 1920 longinquo
686 1849 868 1918 reverterat,
897 1837 1049 1902 miracula
1070 1840 1255 1915 narrabant,
1284 1836 1354 1901 vim

328 1949 491 2014 turbinum
519 1962 551 2012 et
571 1948 728 2014 inauditas
749 1951 911 2031 volucres,
941 1963 1082 2014 monstra
1110 1950 1222 2029 maris,
1251 1949 1354 2013 ambi-

329 2085 406 2146 guas
425 2066 591 2130 hominum
613 2077 643 2130 et
665 2067 830 2131 beluarum
858 2067 993 2148 formas,
1025 2067 1091 2132 visa
1111 2068 1177 2133 sive
1203 2087 1243 2130 ex
1266 2080 1355 2132 metu

330 2178 458 2246 credita.

244 2305 318 2371 uto
405 2292 481 2375 ,sed
510 2295 596 2358 fama
626 2293 730 2356 classis
764 2291 895 2356 ammaus
926 2305 963 2356 ut
990 2294 1166 2359 Germanos
1194 2292 1235 2356 ad
1265 2315 1356 2377 spem

208 2384 215 2394 ¹
306 2407 423 2485 belli,
453 2406 498 2471 ita
527 2425 684 2471 caesarem
712 2402 753 2471 ad
781 2403 990 2470 coercendum
1019 2409 1130 2473 erexit.
1173 2407 1251 2490 Cajo
1275 2408 1355 2473 Silio

333 2543 405 2586 cum
424 2522 559 2605 triginta
585 2520 746 2605 peditum,
776 2523 877 2585 tribus
905 2525 1047 2607 equitum
1074 2523 1213 2587 millibus
1240 2525 1290 2587 ire
1318 2524 1356 2586 in

333 2638 464 2703 Chattos
493 2638 644 2720 imperata
673 2641 742 2721 ipse
768 2640 940 2719 majoribus
966 2640 1065 2723 copiis
1091 2640 1215 2703 Marsos
1237 2640 1358 2703 irrum-

334 2752 398 2836 pit,
427 2773 564 2837 quorum
585 2750 651 2817 dux
672 2751 892 2819 Mallovendus
914 2752 1071 2835 nuperis
1092 2751 1282 2816 deditionem
1304 2776 1359 2818 ac·

335 2881 442 2949 ceptus
463 2868 645 2951 propinquo
667 2867 738 2929 luco
760 2864 916 2931 defossam
935 2867 1084 2929 varianae
1108 2865 1240 2947 legionis
1266 2867 1360 2950 aqui-

334 2983 399 3045 lam
421 2982 544 3046 modico
574 2979 731 3064 praesidio
760 2981 880 3045 servari
901 2979 1029 3044 indicat.
1071 2980 1170 3043 Missa
1197 2982 1361 3063 extemplo

337 3081 453 3158 manus
470 3114 551 3177 quae
572 3095 693 3157 hostem
715 3116 734 3157 a
755 3094 859 3158 fronte
880 3093 1013 3175 eliceret,
1036 3094 1090 3157 alii
1110 3095 1167 3187 qui
1186 3105 1274 3176 terga
1294 3096 1360 3157 cir-

338 3208 507 3289 cumgressi
535 3205 736 3271 recluderent
765 3208 914 3272 humum:
946 3220 977 3270 et
1005 3208 1147 3293 utrisque
1174 3210 1264 3272 affuit
1290 3208 1362 3272 for-

337 3331 425 3382 tuna.
467 3341 505 3383 eo
525 3323 704 3403 promptior
725 3341 831 3384 caesar
850 3322 950 3402 pergit
971 3321 1147 3400 introrsus,
1175 3326 1362 3406 populatur,

338 3430 493 3496 exscindit
513 3454 580 3497 non
601 3453 713 3495 ausum
735 3432 883 3512 congredi
903 3434 1023 3498 hostem
1033 3482 1043 3516 ,
1071 3450 1127 3500 aut
1147 3436 1247 3501 sicubi
1266 3436 1361 3501 resti-

337 3559 419 3613 terat
440 3546 544 3615 statim
564 3548 692 3630 pulsum
718 3566 940 3630 necunquam
961 3551 1077 3631 magis,
1109 3564 1144 3615 ut
1166 3574 1208 3615 ex
1228 3552 1360 3634 captivis

339 3664 499 3745 cognitum
520 3674 585 3740 est,
614 3673 793 3745 paventem.
847 3665 965 3747 quippe
984 3666 1119 3730 invictos
1141 3678 1172 3729 st
1193 3665 1288 3728 nullis
1310 3686 1364 3728 ca·

339 3778 426 3842 sibus
459 3779 652 3862 superabiles
684 3778 844 3844 Romanos
876 3778 1117 3864 praedicabant,
1150 3783 1206 3867 qui
1239 3778 1364 3864 perdita

340 3891 449 3969 classe,
475 3895 594 3959 amissis
616 3894 726 3975 armis,
749 3908 822 3978 post
847 3906 1003 3959 constrata
1024 3916 1179 3980 equorum
1200 3896 1363 3961 virorum·

340 4024 402 4086 que
430 4008 616 4088 corporibus
645 4008 737 4073 litora
770 4006 879 4071 eadem
910 4007 1043 4084 vlrtutc,
1076 4010 1146 4090 pari
1179 4008 1297 4071 ferocia
1332 4021 1365 4070 et

340 4117 438 4180 veluti
461 4122 545 4183 aucti
565 4142 697 4187 nsmrero
719 4120 916 4204 irrupissent.
