2959 4875
318 464 371 510 ‘tv

338 612 495 686 laborare
529 626 659 684 constet
691 637 803 711 neque
838 613 869 685 ei
902 611 1069 688 medelam
1103 614 1215 690 collati
1250 646 1363 720 nuper

338 741 419 814 libri
444 739 689 840 manuscripti
714 739 838 813 afferre
862 741 1052 832 rideantur,
1078 743 1257 847 aliquoties
1278 776 1361 823 con-

303 964 311 976 ·
338 872 438 946 tincri
465 899 535 946 non
561 871 658 971 potui
681 871 766 971 quin
788 872 954 948 veriorem
979 901 997 947 e
1022 876 1217 975 conjectura
1242 876 1362 954 lectio-

337 1029 416 1077 nem
442 1000 619 1074 restituere
645 1027 797 1076 conarer.
854 1001 961 1078 Notas
995 1003 1150 1106 adspersi
1183 1007 1362 1107 pauculas,

337 1135 396 1235 qui
439 1150 472 1207 et
513 1149 687 1230 gratanter
726 1160 912 1232 agnoscam
947 1132 1101 1210 laborem
1135 1136 1360 1214 multifarium

338 1264 497 1366 scriptori
526 1263 664 1362 egregio
692 1292 711 1337 a
738 1264 819 1338 viris
846 1265 956 1340 doctis
981 1266 1194 1369 impensam,
1229 1287 1262 1344 et
1285 1299 1362 1346 mo-

336 1394 403 1471 lem
436 1393 717 1482 annotationum,
754 1421 842 1494 quae
878 1394 1006 1469 frustm
1038 1397 1183 1495 jactatae
1212 1399 1361 1474 circnm-

336 1525 512 1612 feruntur,
542 1521 725 1596 fastidiam.
783 1522 1073 1600 commentarium
1098 1523 1142 1600 de
1167 1529 1361 1602 Iscaevoni-

335 1654 414 1742 bus,
438 1651 701 1749 Ingaevonibns‚
725 1651 996 1724 Herminonibns
1013 1653 1191 1752 (nimirum
1205 1655 1361 1746 Francis,

336 1753 550 1868 saxonibus}
590 1779 793 1877 Thuringis=
817 1797 974 1880 postwac
1000 1784 1149 1884 nemis)
1168 1783 1362 1887 polliceor,

336 1913 404 1986 nisi
428 1906 745 2008 Wackernagelius
771 1913 852 1983 ante
876 1937 931 1983 me
958 1911 1078 1986 onnia
1108 1912 1183 1988 iata-
1198 1917 1359 2017 expedie-
1450 1976 1451 2025 }

335 2046 383 2119 rit
407 2040 665 2143 absolveritqn'e.
719 2042 938 2144 nam‘qnod.
962 2043 1066 2144 vulgo
1100 2025 1152 2119 tt*
1172 2044 1359 2122 discrimen
1450 2062 1451 2103 ³

336 2175 489 2277 gentium
509 2172 724 2248 snericarum
745 2187 782 2242 et
801 2197 874 2244 non
895 2173 1126 2262 arenearum,
1151 2175 1199 2249 ita
1217 2203 1361 2279 compa-
1450 2210 1451 2245 r

335 2322 459 2394 ratum,
484 2319 523 2376 nt
546 2301 679 2402 priscae
701 2299 907 2376 Germaniae
929 2304 1090 2379 tenebras
1107 2307 1219 2406 magis
1239 2309 1360 2383 offun-
1450 2346 1452 2391 ;

336 2433 396 2509 dat
423 2462 528 2535 quem
557 2430 669 2507 lucem
699 2430 875 2525 affundat,
908 2464 980 2509 non
1011 2439 1217 2514 servandam
1248 2441 1311 2516 scd
1337 2472 1359 2515 e

333 2562 809 2667 mediopcnitnstollendum
825 2593 901 2641 esse
917 2594 1051 2643 censeo.
1099 2548 1252 2645 lntlieem
1271 2570 1357 2646 sub-

333 2696 437 2795 jicere
465 2694 576 2769 nsum
601 2712 660 2768 est

399 2822 600 2901 Scribebam
625 2823 811 2923 Gottingae
839 2825 887 2901 15
913 2852 990 2899 nor.
1017 2825 1126 2903 18³5.
