2959 4875
324 412 369 481 90
675 410 739 483 EX
760 412 995 483 HISTORIIS

322 586 407 649 intra
437 598 536 650 castra
563 584 820 651 effundebantur.
869 587 979 652 Civilis
1006 585 1120 649 omissa
1145 579 1352 667 oppugnandi

320 722 378 783 spe
409 722 519 765 rursus
552 723 612 783 per
647 703 748 765 othun
783 702 939 766 assidebat
969 702 1089 764 nuntiis
1122 713 1153 761 et
1187 698 1351 781 promissis

236 940 306 1003 4,³l
407 932 494 996 Haec
516 933 550 995 in
572 932 742 995 Germania
762 946 835 996 ante
856 952 1061 995 cremonense
1080 931 1239 1012 proelium
1255 942 1352 1009 gesta,

322 1050 411 1125 cujus
444 1060 591 1111 eventum
623 1050 732 1112 literae
767 1048 867 1111 Primi
903 1048 1036 1111 Antonii
1071 1043 1207 1109 docuere
1240 1041 1348 1106 addito

324 1160 475 1223 Caecinae
507 1160 618 1237 edicto.
662 1174 692 1223 et
718 1162 895 1242 praefectus
928 1161 1065 1223 cohortis
1093 1180 1110 1219 e
1139 1156 1228 1220 victis
1258 1153 1349 1235 atpi-

323 816 416 881 fidem
437 819 596 898 legionum
618 822 810 884 convellens.

1459 1213 1460 1262 i

323 1272 394 1335 nius
429 1274 602 1337 Montanus
637 1276 796 1338 fortunam
829 1276 967 1357 partium
1000 1294 1148 1357 praesens
1183 1273 1349 1334 fatebatur.

321 1387 450 1450 Diversi
471 1390 544 1451 hinc
572 1402 675 1452 motus
703 1389 891 1450 animorum.
934 1389 1054 1449 auxilia
1081 1408 1099 1447 e
1128 1385 1249 1459 Gallia,
1276 1381 1348 1465 quis

323 1521 381 1561 nec
405 1522 494 1563 amor
520 1522 624 1584 neque
647 1500 756 1563 odium
777 1504 811 1562 in
833 1513 955 1583 partes,
985 1500 1113 1562 militiae
1135 1501 1201 1560 sine
1223 1498 1347 1572 affectu,

321 1618 521 1681 hortantibus
541 1617 706 1699 praetentis
727 1619 833 1679 statim
854 1640 874 1679 a
890 1617 1020 1680 Vitellio
1042 1615 1233 1678 desciscunt:
1254 1626 1347 1679 votus

319 1732 410 1795 nriles
432 1736 647 1811 cunctabatur.
691 1731 755 1794 Sed
777 1733 918 1813 adigente
939 1731 1123 1797 Hordeonio
1144 1733 1258 1794 Flacco
1264 1730 1348 1814 ,in-

322 1848 475 1909 stantibus
505 1846 641 1908 tribunis
672 1845 753 1907 dixit
781 1838 1008 1928 sacramentum
1032 1866 1101 1915 ,non
1127 1846 1217 1907 vultu
1240 1864 1347 1926 neque

321 1962 427 2022 animo
450 1961 523 2023 satis
543 1962 720 2025 affirmans:
743 1976 775 2024 et
797 1984 895 2047 quum
909 1962 1013 2030 ‚ceteri
1028 1945 1348 2038 jurisjurandiuerba

321 2076 529 2156 conciperent,
550 2076 739 2157 Vespasiani
760 2098 877 2143 nomen
897 2076 1083 2141 haesitantes
1106 2088 1160 2138 aut
1174 2047 1239 2138 leui
1256 2056 1346 2135 mur·

320 2214 410 2255 mure
433 2207 463 2254 et
484 2194 671 2276 plerumque
694 2171 818 2259 silentio
840 2194 1102 2255 transmittebant.
1174 2174 1177 2180 ’
1289 2166 1294 2177 ’

236 2324 261 2386 4,
271 2300 322 2371 32¹
407 2310 520 2371 Lectae
553 2308 664 2372 deinde
693 2299 752 2391 pro
785 2287 936 2372 concione
968 2310 1116 2391 epistolae
1139 2286 1283 2368 Antonii.
1303 2301 1346 2365 ad

318 2404 453 2487 'Civilem
477 2422 670 2506 suspiciones
695 2424 830 2485 rnilitum
858 2423 1022 2485 inritavere
1051 2433 1203 2505 tanquam
1226 2395 1266 2481 ad
1292 2439 1345 2481 so-

320 2539 403 2602 cium
431 2542 568 2621 partium
591 2541 723 2622 scriptae
747 2539 836 2601 etde
860 2539 1036 2620 germanico
1059 2538 1199 2598 exercitu
1219 2534 1346 2600 hostili-

319 2665 377 2714 ter.
430 2651 509 2717 Mox
542 2653 641 2714 allatis
675 2652 850 2715 Geldubam
882 2653 917 2713 in
951 2665 1050 2714 castra
1082 2651 1200 2713 nuntiis
1234 2649 1345 2712 eadem

320 2765 401 2828 dicta
429 2767 593 2850 iactaque,
620 2780 651 2830 et
677 2769 791 2828 missus
821 2788 891 2827 cum
920 2764 1074 2827 mandatis
1102 2766 1273 2826 Montanus
1302 2760 1344 2823 ad

320 2879 467 2958 Civilem,
496 2894 531 2944 ut
559 2883 723 2944 absisteret
750 2883 833 2942 bello
866 2901 946 2942 neve
976 2894 1105 2942 externa
1136 2879 1229 2943 armis
1256 2876 1345 2940 falsIs

318 2998 453 3058 velaret:
486 2995 513 3056 si
543 2986 775 3075 Vespasianum
804 3003 913 3075 juvare
945 3016 1106 3075 aggressus
1137 2996 1235 3073 foret,
1266 2995 1343 3058 satis

318 3109 435 3171 facttun
458 3108 587 3190 coeptis.
630 3109 680 3170 Ad
704 3131 740 3170 ea
763 3109 873 3173 Civilis
896 3111 1000 3191 primo
1029 3107 1157 3172 callide:
1186 3121 1258 3190 post
1285 3109 1344 3169 ubi

318 3220 403 3283 videt
420 3223 609 3285 Montanum
627 3226 840 3304 praeferocem
861 3224 988 3303 ingenio
1010 3235 1217 3304 paratumque
1236 3218 1270 3281 in
1289 3239 1343 3282 res

319 3355 426 3411 novas,
448 3356 538 3399 orsus
561 3359 579 3398 a
602 3351 712 3420 questu
734 3336 945 3419 perIcuiisque
968 3357 1049 3419 quae
1070 3355 1129 3417 per
1148 3327 1290 3417 quinque
1310 3344 1344 3394 et

315 3449 426 3530 viginti
447 3471 548 3512 annos
573 3452 735 3514 incastris
761 3452 900 3514 romanis
921 3451 1130 3528 exhausisset,
1162 3449 1341 3528 ‘egregium

315 3565 436 3647 iuquit,
468 3565 605 3645 pretium
634 3568 780 3627 laborum
806 3564 927 3646 recepi,
957 3585 1065 3625 necem
1091 3564 1197 3626 fratris
1218 3574 1250 3624 et
1268 3561 1341 3624 vin-

317 3678 386 3740 cula
408 3698 478 3740 ntea
500 3691 531 3740 et
554 3679 750 3742 saevissimas
777 3678 871 3755 hujus
899 3681 1052 3742 exercitus
1080 3698 1190 3753 voces,
1223 3675 1340 3756 quibus

316 3785 357 3852 ad
392 3792 579 3872 supplicium
613 3793 726 3872 petitus
764 3795 833 3869 jure
870 3794 1009 3872 gentium
1043 3810 1163 3872 poenas
1194 3785 1340 3868 reposco.

315 3919 492 3968 vosautem
512 3907 652 3984 Treveri,
674 3921 855 3992 ceteraeque
877 3907 1078 3971 servientium
1096 3905 1228 3980 animae,
1249 3897 1339 3984 quod

315 4021 490 4100 praemium
522 4021 615 4082 effusi
647 4023 761 4084 totiens
791 4020 949 4102 sanguinis
978 4018 1162 4099 exspectatis
1195 4014 1256 4077 nisi
1287 4013 1340 4074 in-

315 4143 434 4212 gratam
459 4133 617 4209 mititiam‚
647 4135 835 4198 immortalia
855 4132 988 4213 tributa,
1015 4135 1131 4213 virgas,
1157 4149 1281 4194 secures
1306 4123 1339 4190 et
