2959 4875
535 421 769 488 GERMANIA
1116 432 1158 498 15

131 625 206 670 vam
228 603 440 684 Rhenumque
464 611 495 661 et
514 599 667 662 Moenum
688 622 796 664 amnes
822 601 976 684 Helvetii3
1006 604 1157 669 ulteriora

134 719 219 796 Boji,
248 717 358 800 gallica
378 730 515 801 utraque
535 735 620 795 gens,
645 726 787 778 tenuere.
828 717 939 781 Manet
958 717 1060 782 adbuc
1078 722 1156 783 Boi·

132 835 220 896 hemi
248 855 364 896 nomen
390 835 552 916 signatque
573 831 635 895 loci
657 845 795 896 veterem
815 835 1016 915 memoriam,
1045 858 1155 919 quam·

131 953 182 1014 vis
203 952 329 1012 mutatis
351 951 533 1012 cultoribus.
583 947 645 1010 Sed
673 963 778 1012 utrm
805 951 945 1015 Aravisci
967 950 1002 1011 in
1029 954 1156 1013 Panno·

134 1064 221 1124 niam
248 1067 288 1126 ab
317 1060 410 1140 Osis,
439 1061 669 1125 Germanorum
698 1065 842 1141 natione,
875 1087 916 1125 an
938 1063 995 1128 Osi
1016 1067 1056 1126 ab
1075 1068 1156 1127 Ara·

133 1177 227 1238 viscis
247 1177 282 1237 in
307 1175 507 1238 Germaniam
531 1179 819 1257 commigraverint,
848 1199 946 1260 quum
968 1179 1077 1242 eodem
1099 1179 1155 1241 ad·

132 1290 197 1350 buc
218 1311 381 1367 sermone,
400 1291 565 1370 institutis,
585 1294 726 1354 moribus
748 1305 895 1371 utantur,
915 1294 1070 1356 incertum
1091 1308 1154 1357 est:

133 1403 210 1485 quia
231 1404 301 1484 pari
328 1405 401 1466 olim
429 1405 536 1486 inopia
566 1428 600 1468 ac
629 1407 773 1468 libertate
794 1407 903 1470 eadem
925 1410 1088 1493 utriusque
1108 1409 1154 1468 ri·

132 1541 195 1598 pae
225 1521 309 1581 bona
338 1521 482 1602 malaque
513 1533 611 1582 erant.
654 1523 788 1584 Treveri
817 1535 848 1584 et
872 1523 982 1585 Nervii
1004 1525 1085 1584 circa
1106 1525 1154 1584 af·

131 1632 331 1694 sectationem
367 1635 559 1712 germanicae
595 1635 723 1714 originis
758 1639 842 1698 ultro
880 1638 1037 1699 ambitiosi
1072 1651 1154 1717 sunt,

131 1757 282 1830 tanquam
310 1769 368 1828 per
396 1749 477 1808 lianc
504 1747 635 1828 gloriam
663 1749 823 1829 sanguinis
852 1771 870 1812 a
898 1749 1101 1812 similitudine
1123 1764 1155 1813 et

130 1861 249 1922 inertia
269 1861 430 1924 Gallorum
453 1875 646 1943 separentur.
695 1865 801 1944 Ipsam
820 1863 925 1925 Rheni
946 1868 1046 1945 ripam
1068 1862 1154 1927 haud

130 1971 234 2035 dubie
255 1973 480 2038 Germanorum
500 1963 621 2058 populi¹
635 1977 761 2053 colunt,
791 1978 988 2057 Vangiones,
1015 1979 1153 2056 Triboci,

128 2087 293 2151 Nemetes.
335 2089 383 2152 Ne
405 2091 480 2154 Ubii
505 2090 648 2174 quidem,
677 2113 858 2174 quanquam
878 2113 1009 2154 romana
1031 2094 1154 2155 colonia

132 2225 201 2267 esse
226 2207 399 2268 meruerint
421 2228 456 2267 ac
477 2208 625 2270 libentius
649 2206 892 2287 Agrippinenses
914 2205 1084 2268 conditoris
1105 2206 1155 2268 sui

131 2321 260 2382 nomine
283 2335 451 2398 vocentur,
483 2322 604 2403 origine
635 2325 839 2401 erubescunt,
868 2324 1052 2404 transgressi
1078 2324 1153 2386 olim

131 2451 161 2500 et
181 2437 398 2519 experimento
419 2437 492 2501 fidei
513 2462 609 2523 super
632 2443 731 2523 ipsam
751 2442 857 2504 Rheni
876 2444 979 2526 ripam
1000 2442 1150 2519 collocati,

130 2564 167 2611 ut
188 2566 348 2629 arcerent,
369 2575 435 2615 non
455 2567 492 2616 ut
513 2554 753 2617 custodirentur.

214 2666 366 2731 Omnium
396 2671 509 2732 harum
540 2672 679 2751 gentium
708 2671 823 2733 virtute
851 2669 1013 2750 praecipui
1039 2669 1151 2731 Batavi
1164 2682 1200 2730 29

131 2803 193 2844 non
216 2785 352 2845 multum
381 2805 422 2847 ex
448 2785 519 2867 ripa
545 2783 601 2847 sed
625 2785 762 2845 insulam
782 2783 887 2844 Rheni
914 2782 1013 2843 amnis
1035 2785 1150 2857 colunt,

131 2894 316 2960 Chattorum
341 2898 501 2981 quondam
520 2902 674 2981 populus,
702 2913 732 2961 et
753 2896 905 2960 seditione
928 2896 1095 2959 domestica
1115 2897 1149 2958 in

130 3034 180 3075 eas
209 3012 299 3076 sedes
327 3026 553 3095 transgressus,
584 3019 618 3079 in
647 3016 762 3100 quibus
787 3035 861 3097 pars
881 3014 1006 3076 romani
1026 3011 1151 3093 imperii

130 3132 250 3194 fierent.
304 3133 414 3193 Manet
447 3135 550 3195 honos
587 3143 617 3194 et
655 3132 802 3213 antiquae
834 3130 987 3191 societatis
1018 3128 1150 3207 insigne.

129 3267 201 3309 nam
223 3269 283 3309 nec
305 3248 430 3311 tributis
452 3259 712 3323 contemnuntur,
743 3267 801 3307 nec
824 3244 1011 3326 publicanus
1036 3241 1150 3304 atterit.

130 3362 268 3443 exempti
290 3362 439 3423 oneribus
468 3376 499 3424 et
527 3360 785 3424 collocationibus
807 3371 837 3419 et
858 3370 979 3419 tantum
1001 3358 1035 3418 in
1056 3376 1150 3417 usum

128 3476 322 3554 proeliorum
345 3475 473 3555 sepositi
492 3478 579 3537 velut
604 3476 665 3535 tela
694 3486 787 3556 atque
815 3492 901 3533 mma
931 3469 1021 3533 bellis
1048 3489 1149 3531 reser-

127 3603 252 3655 vantur.
302 3590 358 3653 Est
385 3592 418 3653 in
449 3589 559 3653 eodem
584 3592 736 3673 obsequio
767 3603 797 3650 et
818 3588 1040 3649 Mattiacorum
1064 3603 1149 3661 gens.

127 3704 260 3784 protulit
282 3706 365 3766 enim
393 3701 575 3785 magnitudo
603 3703 715 3785 populi
739 3703 865 3765 romani
889 3703 971 3761 ultra
1000 3697 1148 3756 Rhenum

127 3820 275 3902 ultraque
298 3833 418 3883 veteres
439 3821 588 3883 terminos
608 3820 732 3901 imperii
752 3816 970 3882 reverentiam.
1010 3811 1055 3873 ita
1076 3810 1147 3873 sede

127 3929 306 4015 finibusque
326 3934 360 3994 in
378 3954 435 3995 sua
453 3935 533 4015 ripa,
552 3943 655 3994 mente
674 3932 841 4013 animoque
859 3928 1023 3989 nobiscum
1043 3938 1148 4007 agunt,

128 4057 229 4107 cetera
251 4046 368 4109 similes
388 4048 525 4125 Batavis,
546 4047 607 4109 nisi
629 4043 713 4128 quod
735 4045 806 4125 ipso
828 4040 930 4104 adhuc
951 4054 1052 4104 terrae
1073 4061 1148 4103 suae

127 4161 194 4221 solo
216 4173 248 4221 et
270 4164 359 4225 coelo
381 4162 482 4225 acrius
507 4161 696 4223 anhnantur.
744 4158 819 4222 Non
841 4157 1071 4221 numeraverim
1098 4154 1148 4213 in·
