2959 4875
469 456 532 525 EX
553 456 791 525 HISTORIIS
1099 460 1143 527 83

118 639 207 714 stris,
238 656 322 720 quos
351 635 516 714 ambiguus
543 634 734 698 auxiliorum
762 618 884 698 animus
910 648 941 699 et
961 635 1065 701 subito
1088 634 1143 699 de·

117 753 200 814 lectu
222 750 386 831 suppletae
407 747 547 827 legiones
568 752 731 828 angebant,
752 751 860 813 statuit
881 750 1040 813 continere
1059 752 1144 817 intra

120 878 221 927 eastra
251 863 394 925 militem.
445 860 518 923 dein
548 863 742 944 poenitentia
773 875 804 924 et
836 866 1037 943 arguentibus
1067 866 1143 948 ipsis

121 982 176 1064 qui
193 990 360 1042 euaserant
378 990 529 1060 tanquam
548 991 712 1040 secuturus
733 977 855 1059 scripsit
871 980 1034 1041 Herennio
1052 980 1142 1066 Gallo

120 1094 253 1177 legionis
273 1096 396 1177 primae
415 1095 533 1173 legato,
555 1094 612 1177 qui
632 1083 779 1157 Bonnam
801 1094 977 1173 obtinebat,
998 1108 1036 1157 ut
1058 1118 1144 1159 arce-

121 1222 168 1271 ret
187 1210 324 1272 transitu
342 1209 494 1270 Batavos:
518 1228 550 1269 se
573 1228 644 1269 cum
667 1207 806 1270 exercitu
826 1209 921 1288 tergis
941 1229 1051 1271 eorum
1069 1195 1144 1273 liae·

122 1346 242 1388 surum.
285 1324 327 1385 Et
349 1323 487 1405 opprimi
507 1334 662 1405 poterant,
689 1324 716 1386 si
735 1324 810 1384 hine
832 1322 1045 1402 Hordeonius,
1070 1324 1144 1388 inde

125 1439 232 1502 Gallus
253 1437 350 1501 motis
369 1438 521 1520 utrinque
543 1439 641 1519 copiis
663 1436 784 1501 medios
811 1438 1004 1501 clausissent.
1055 1440 1146 1503 Flac-

124 1578 177 1619 cus
199 1555 308 1618 omisit
325 1554 485 1635 inceptum
515 1553 647 1636 aliisque
676 1538 775 1615 literis
798 1554 924 1616 Gallum
952 1557 1077 1619 monuit
1105 1579 1145 1619 ne
1180 1639 1189 1655 ι

122 1682 255 1733 terreret
283 1670 445 1729 abeuntes.
496 1663 581 1727 unde
603 1666 738 1748 suspicio
762 1679 873 1747 sponte
893 1669 1067 1747 legatorum
1090 1690 1146 1731 ex-

123 1784 212 1846 citari
232 1777 351 1846 bellum
372 1774 547 1863 cunctaque
569 1801 651 1863 quae
681 1780 861 1843 acciderant
881 1794 935 1845 aut
961 1786 1147 1848 metueban-

122 1910 177 1959 tur
196 1916 266 1959 non
294 1896 406 1959 inertia
432 1895 538 1958 militis
565 1893 670 1978 neqne
697 1895 836 1958 bostium
863 1894 918 1959 sed
944 1896 1146 1961 fraudet'attt·

123 2006 205 2074 cum'
219 2000 382 2075 evenire(

210 2124 323 2187 Batavi
355 2145 453 2207 quum
491 2112 600 2185 castris
634 2106 850 2187 bstllenabus
885 2124 1146 2210 propinquarent,
1158 2132 1185 2198 4,
1194 2132 1231 2184 ²0

124 2240 313 2325 praemisere
335 2238 391 2321 qui
412 2237 575 2300 Herennio
601 2218 695 2299 Galli
719 2236 865 2302 mandata
888 2240 1065 2302 cohortium
1091 2261 1148 2303 ex·

125 2366 270 2439 poneret.
311 2354 444 2415 ‘nullum
470 2352 530 2415 sibi
556 2355 674 2416 bellum
705 2352 854 2418 adversus
879 2354 1057 2437 Romanos,
1086 2378 1147 2440 pro

128 2470 243 2554 quibus
265 2457 380 2530 totiens
398 2455 584 2531 bellassent:
613 2469 706 2547 longa
728 2482 821 2552 atque
842 2469 933 2532 irrita
954 2471 1065 2532 militia
1086 2473 1148 2533 fes·

128 2585 172 2647 sis
191 2583 310 2664 patriae
331 2595 425 2663 atque
447 2580 503 2642 otii
524 2579 701 2660 cupidinem
724 2599 802 2642 esse.
852 2581 994 2644 sinemo
1017 2582 1147 2644 obsiste-

127 2712 187 2777 ret,
207 2697 373 2760 innoxium
394 2683 455 2758 iter
478 2696 565 2757 fore:
587 2697 636 2757 ain
656 2716 743 2757 arma
765 2712 940 2776 occurrant,
961 2697 1047 2762 ferro
1064 2701 1148 2764 viam

127 2813 334 2877 inventuros!
391 2796 598 2873 Cunctantem
623 2795 766 2890 ¹legatum
799 2813 912 2873 milites
945 2815 1150 2894 perpulerant

128 2919 290 2992 fortunam
310 2918 423 3009 proelii
445 2913 653 3009 experiretur.
695 2928 757 2990 tria
780 2927 879 2989 millia
906 2926 1149 3008 legionariorum

129 3057 163 3107 et
189 3042 413 3106 tumultuariae
440 3042 608 3121 Belgarum
637 3041 799 3120 cohortes,
832 3042 925 3103 simul
954 3063 1150 3124 paganorum

129 3161 330 3241 lixarumque
360 3157 474 3237 ignara
501 3156 557 3219 sed
585 3177 706 3239 procax
734 3167 807 3218 ante
835 3157 1010 3238 periculum
1037 3177 1149 3218 manus

132 3277 277 3340 omnibus
305 3272 405 3354 portis
431 3283 602 3354 rumpunt,
632 3282 668 3331 ut
694 3255 831 3332 Batavos
857 3287 989 3330 numero
1014 3270 1150 3352 impares

130 3385 391 3452 circumfundant.
433 3385 483 3446 Illi
511 3394 632 3448 veteres
659 3383 787 3444 militiae
814 3382 848 3444 in
877 3405 993 3446 cuneos
1023 3363 1159 3466 congre·⁸

129 3517 252 3584 gantur,
273 3499 363 3564 densi
382 3487 522 3583 undique
544 3513 575 3561 et
592 3501 730 3562 frontem
750 3511 900 3583 tergaque
923 3522 958 3564 ac
979 3503 1060 3564 latus
1080 3504 1151 3564 tuti·

130 3619 175 3680 sic
203 3630 332 3679 tenuem
364 3629 545 3679 nostrorum
574 3614 671 3678 aciem
699 3617 909 3697 perfringunt.
961 3614 1152 3676 (ledentibus

130 3733 235 3813 Belgis
256 3716 509 3814 pelliturlegIo,
542 3742 571 3792 et
592 3732 711 3794 vallum
739 3742 909 3812 portasque
929 3725 1045 3808 trepidi
1065 3739 1153 3808 pete-

130 3851 218 3911 bant.
266 3847 314 3910 ibi
340 3846 513 3928 plurImum
535 3841 649 3922 cladis,
682 3844 856 3903 cumulatae
878 3842 1064 3920 corporibus
1089 3840 1154 3902 Ios·

132 3984 203 4039 sae,
224 3983 284 4025 nec
306 3959 400 4022 caede
419 3973 542 4022 tantum
563 3973 594 4020 et
617 3957 820 4033 vulneribus,
843 3954 899 4018 sed
919 3955 1014 4018 ruina
1038 3967 1070 4017 et
1090 3958 1155 4018 suis

129 4080 277 4160 plerique
307 4077 376 4139 telis
408 4077 566 4137 interiere.
618 4074 763 4136 Victores
793 4074 916 4134 colonia
945 4073 1156 4156 Agrippinen·

131 4194 215 4255 sium
236 4194 333 4256 vitata
354 4193 435 4255 nihil
456 4205 558 4256 cetero
580 4192 613 4253 in
634 4191 747 4254 itinere
768 4188 880 4252 hostile
903 4186 971 4250 ausi
994 4189 1156 4251 bunnense

851 4307 868 4361 6
881 4302 897 4336 tt
