2959 4875
501 408 564 479 EX
584 410 823 483 HISTORIIS
1132 416 1176 484 99

156 603 220 654 tene
251 585 370 671 primae
403 582 536 664 legionis
562 580 692 650 'eaedem
723 590 789 664 ejus
820 585 1000 654 maturarit.
1050 586 1174 651 Heren-

158 706 240 768 nium
272 715 303 765 et
330 699 511 764 NumIsium
538 696 656 781 legatos
687 700 800 764 vinciri
831 700 904 765 satie
935 684 1053 767 vuum.
1101 698 1173 767 dein

157 816 283 899 sumptis
304 814 430 877 romani
450 812 576 895 Imperii
594 812 770 894 insignibus
790 815 824 879 in
846 826 947 878 eastra
966 814 1064 881 venit.
1105 813 1173 878 Neo

155 933 198 996 illi
217 949 401 1015 quanquam
425 926 465 989 ad
488 948 581 990 omne
602 929 723 991 facinus
746 927 858 992 durato
877 930 976 994 verba
995 932 1079 994 uino
1098 952 1174 1013 sup-

155 1043 330 1129 peditarere
360 1062 455 1125 qnam
488 1054 525 1104 ut
559 1057 788 1109 sacramentum
816 1044 972 1108 recitaret.
1021 1046 1172 1110 duravere

156 1159 209 1244 qui
228 1155 360 1219 aderant
379 1175 441 1237 pro
460 1153 595 1235 imperio
617 1155 801 1219 Galliarum.
850 1159 1083 1222 interfectorem
1103 1158 1173 1224 Vo-

156 1276 240 1338 culae
261 1272 333 1335 aitis
353 1268 534 1348 ordinibus,
564 1282 703 1350 eeteros,
730 1286 767 1336 ut
787 1271 922 1357 quisque
942 1271 1093 1355 flagitium
1115 1296 1173 1337 na·

154 1400 298 1465 vaserat,
330 1385 478 1468 praemiis
499 1387 621 1449 attollit.
663 1388 794 1450 Divisae
819 1380 999 1450 inde'inter
1020 1388 1172 1451 Tutorem

156 1517 185 1567 et
213 1500 386 1565 Classicum
416 1520 520 1565 curae.
573 1500 676 1563 Tutor
702 1498 809 1565 salida
838 1490 936 1565 manu
966 1502 1171 1566 circumdatos

154 1616 396 1699 Agrippinenses
430 1627 647 1699 quantumque
682 1615 817 1683 militum
855 1614 940 1699 apud
976 1618 1172 1699 superiorem

153 1731 257 1794 Rheni
282 1732 384 1813 ripam
411 1730 445 1793 in
470 1730 579 1794 eadem
606 1734 705 1796 rerba
731 1731 827 1814 adigit
849 1733 958 1799 occisis
982 1734 1172 1815 Mogontiaci

152 1847 306 1925 tribunis,
329 1849 423 1929 pulso
444 1860 616 1913 castrorum
636 1850 814 1931 praefecto,
837 1849 893 1935 qui
914 1849 1174 1916 detrectaverant.

155 1960 309 2023 Classicus
329 1961 598 2043 corruptissimum
625 1981 782 2043 quemque
803 1984 821 2024 e
844 1960 956 2025 deditis
976 1982 1108 2044 pergere
1132 1959 1171 2024 ad

153 2076 298 2139 obsessos
317 2077 414 2153 jubet,
438 2076 564 2139 veniam
585 2086 786 2149 ostentantes,
813 2074 840 2136 si
862 2076 1039 2156 praesentia
1060 2094 1172 2157 seque·

152 2199 283 2250 rentur:
315 2188 406 2249 aliter
424 2186 505 2249 nihil
526 2187 610 2269 spei,
636 2187 752 2249 famem
773 2188 957 2273 ferrumque
981 2203 1012 2253 et
1034 2202 1171 2253 extrema

151 2322 311 2387 passuros.
356 2300 497 2379 adjecere
518 2303 575 2385 qui
595 2303 682 2365 missi
705 2316 795 2367 erant
818 2306 997 2387 exemplum
1018 2326 1120 2369 suum.

238 2414 392 2482 Obsessos
420 2418 495 2480 hinc
522 2414 618 2497 fides,
651 2418 726 2482 inde
755 2432 872 2500 egestas
901 2420 984 2484 inter
1012 2418 1107 2486 decus
1137 2440 1171 2480 ac
1186 2434 1258 2499 atto

151 2531 304 2612 flagitium
334 2529 558 2594 distrahebant.
615 2532 832 2601 cunctantibus
864 2533 956 2596 solita
984 2534 1173 2613 insolitaque

153 2647 302 2709 alimenta
322 2641 453 2706 deerant
474 2647 646 2726 absumptis
667 2644 813 2723 jumentis
836 2644 988 2728 equisque
1012 2657 1043 2706 et
1064 2643 1174 2705 ceteris

151 2758 340 2820 anImalibus
367 2775 449 2839 quae
478 2758 615 2838 profana
642 2755 800 2839 foedaque
826 2757 858 2818 in
888 2777 980 2819 usum
1009 2753 1174 2817 necessitas

149 2871 255 2934 vertit.
295 2868 430 2948 virgulta
456 2881 615 2949 postremo
644 2879 677 2930 et
703 2871 817 2953 stirpes
845 2881 876 2932 et
899 2869 1070 2932 internatas
1091 2870 1174 2932 saxis

150 2984 268 3058 herbas
296 2983 447 3045 vellentes
473 2981 670 3044 miseriarum
700 2983 930 3066 patientiaeque
952 2981 1175 3046 documentum

149 3099 261 3173 fuere,
297 3095 397 3160 donec
429 3097 582 3177 egregiam
611 3095 737 3159 laudem
767 3096 830 3161 fine
863 3099 949 3178 turpi
984 3097 1176 3158 macularent

148 3211 257 3274 missis
286 3207 326 3272 ad
356 3208 487 3272 Civilem
513 3211 621 3290 legatis
651 3209 746 3274 eitam
776 3221 912 3273 orantes.
960 3210 1074 3295 Neque
1103 3223 1176 3274 ante

147 3343 263 3406 preces
300 3322 451 3386 admissae
487 3342 583 3405 quam
618 3323 653 3383 in
689 3324 788 3387 rerba
821 3322 994 3386 Galliarum
1024 3327 1175 3402 jurarent.

147 3450 221 3498 tum
249 3447 359 3517 paetus
389 3431 539 3515 praedam
561 3448 734 3498 castrorum
762 3427 815 3498 da't
837 3435 979 3502 custodes
1004 3437 1060 3522 qui
1081 3457 1177 3518 pecu-

148 3549 257 3627 niam,
287 3549 430 3625 cslenes,
452 3547 596 3610 ‘sarcinas
617 3561 811 3612 retentarent
837 3564 891 3612 aut
912 3552 968 3632 qui
988 3551 1073 3630 ipsos
1092 3549 1177 3606 leves

149 3665 307 3725 abeuntes
341 3673 620 3745 prosequerentur.
677 3659 728 3721 Ad
762 3662 907 3743 quintum
940 3661 1007 3721 fere
1040 3656 1177 3739 lapidem

148 3775 258 3838 coorti
281 3773 433 3836 Germani
460 3775 622 3838 incautum
645 3794 756 3852 agmen
777 3772 1006 3854 aggrediuntur.
1056 3792 1178 3853 pugna·

149 3889 298 3955 sissimus
324 3889 459 3972 quisque
482 3888 517 3949 in
545 3888 693 3966 vestigio,
723 3888 815 3949 multi
843 3888 983 3971 palantes
1008 3891 1178 3952 occubere:

148 4003 252 4063 ceteri
273 4003 415 4064 retroin
438 4015 540 4065 eastra
565 4002 766 4084 periugiunt,
796 4015 949 4086 querente
976 4009 1050 4066 sane
1080 4001 1178 4066 Civile

148 4122 185 4177 et
207 4115 593 4197 increpanteGeruranos
614 4126 766 4200 tanquam
787 4113 882 4180 fidens
910 4139 968 4200 per
996 4119 1095 4182 scelus
1125 4119 1180 4177 ab·

876 4233 923 4296 7*
