2959 4875
467 411 529 484 ttx
550 411 808 485 ANNtntnth
1107 421 1145 488 st

24 585 25 626 t
128 598 308 670 expertem,
340 585 518 669 Hercyniae
549 589 676 652 latebris
705 587 888 672 defensum,
924 615 960 654 ac
990 614 1066 656 mox
1093 614 1151 675 per

24 719 25 726 ¹
130 700 213 764 dona
238 714 269 788 et
289 702 460 780 legationes
481 703 628 784 petivisse
648 702 778 783 foedus,
806 704 1002 788 proditorem
1022 711 1151 792 patriae,

128 815 291 882 satellitem
321 816 469 893 caesaris,
497 813 584 878 haud
611 817 716 880 minus
744 818 876 885 intensis
906 822 1018 884 animis
1044 834 1151 884 extur-

128 928 267 992 bandum
278 971 288 1004 ,
309 947 403 1011 quam
424 929 547 995 Varum
568 928 756 1007 Quintilium
776 933 1001 997 interiecerint.
1041 935 1151 998 menri·

130 1043 248 1106 nisaent
269 1042 366 1110 modo
387 1056 435 1108 tot
455 1046 665 1127 proeliormn‚
686 1069 823 1132 quorum
844 1061 959 1115 eventu
978 1059 1009 1113 et
1033 1046 1072 1111 ad
1092 1069 1151 1130 po·

130 1167 279 1224 stremum
308 1156 411 1234 ejectis
439 1157 590 1222 Romanis
619 1162 693 1226 satis
725 1161 912 1244 probatum,
944 1177 1042 1243 penes
1061 1172 1151 1224 utros

130 1287 251 1332 summa
274 1269 349 1332 belli
368 1269 475 1332 fuerit.

213 1381 326 1466 Neque
347 1380 566 1449 Maroboduus
592 1382 739 1462 jactantia
766 1384 817 1449 sui
842 1395 898 1448 aut
918 1383 1016 1468 patria
1038 1384 1073 1446 in
1091 1385 1234 1455 lto-W

132 1496 425 1586 stemzabstinebst,
454 1493 508 1560 ssd
529 1495 765 1574 Inguiomerum
785 1507 913 1576 tenens,
946 1495 1057 1570 illoin
1081 1517 1151 1560 cor-

132 1631 209 1694 pore
230 1607 325 1675 decus
342 1631 436 1684 omne
457 1609 697 1687 Cheruscorum,
719 1610 957 1683 illiusoonsiliis
971 1626 1056 1693 gesta
1072 1633 1153 1695 quaa

132 1724 478 1811 prosperenceciderint
504 1727 707 1792 testebrant,
721 1725 889 1795 vecordem
915 1727 1094 1797 Arminium
1122 1740 1152 1793 et

131 1861 240 1909 rerum
260 1841 703 1922 nemium‚·¹elienam..gloriam
724 1843 767 1904 in·
781 1863 815 1904 ee
836 1845 980 1922 trahere,
1001 1845 1153 1928 quoniam

133 1970 200 2020 tres
222 1977 337 2022 vacuas
355 1957 491 2036 legiones
520 1969 550 2018 et
571 1954 681 2017 ducem
706 1955 827 2019 fraudis
849 1959 995 2037 ignarum
1021 1959 1153 2040 perfidia

24 2077 25 2100 ³
134 2073 295 2155 deceperit
312 2091 423 2152 magna
441 2092 511 2136 cum
531 2069 616 2138 clade
636 2071 822 2135 Germaniae
844 2084 875 2133 et
894 2072 1065 2152 ignominia
1085 2093 1151 2149 sua,

133 2209 234 2274 quum
252 2191 376 2266 cornu,
398 2207 495 2269 Qum
516 2184 599 2249 filius
618 2188 686 2262 ejus
705 2184 867 2258 servitium
885 2183 989 2248 adhuc
1006 2169 1153 2252 tolerent.

136 2316 168 2366 at
190 2325 224 2366 se
252 2301 415 2368 duodecim
435 2301 612 2381 legionibus
639 2301 773 2382 petitum
800 2297 878 2364 duce
899 2301 1029 2366 Tiberio
1049 2304 1153 2367 illiba·

135 2431 197 2483 tam
227 2418 458 2486 Germanorum
484 2417 615 2499 gloriam
644 2419 835 2500 servavisse3
862 2442 940 2488 mox
961 2419 1153 2487 condicioni-

134 2538 194 2597 bus
217 2535 327 2617 aequis
355 2533 544 2599 discessum:
576 2556 678 2617 neque
706 2535 870 2617 poenitere
897 2535 985 2619 quod
1011 2538 1152 2621 ipsorum

134 2652 169 2715 in
197 2666 293 2715 manu
321 2650 381 2727 sit,
411 2651 567 2729 integrum
595 2646 763 2713 adversum
789 2647 950 2713 Romanos
973 2652 1092 2715 bellum
1112 2673 1154 2713 an

135 2788 244 2847 pacem
268 2766 463 2829 incruentam
487 2764 607 2827 malint.
650 2762 708 2828 His
728 2762 860 2826 vocibus
880 2764 1041 2828 instinctos
1063 2785 1155 2828 exer·

137 2880 214 2943 citus
234 2881 382 2961 propriae
404 2896 531 2961 quoque
552 2896 662 2947 causae
684 2875 895 2957 stimulabant,
917 2898 1016 2961 quum
1035 2903 1054 2943 a
1073 2878 1155 2940 cte.

136 2994 236 3057 ruscis
263 2992 542 3076 Langobardisque
570 3012 629 3074 pro
661 2992 792 3075 antiquo
821 2991 933 3057 decore
959 3006 1014 3057 aut
1036 2996 1156 3057 recenti

135 3110 286 3173 libertate*
316 3122 349 3193 et
363 3166 366 3171 ,
380 3120 488 3174 contra
528 3106 689 3188 augendae
727 3107 937 3175 dominationi
976 3121 1156 3171 certaretur.

135 3221 213 3285 Non
225 3223 311 3285 alias
331 3224 451 3299 maiore
474 3224 558 3289 mole
580 3240 777 3298 coneursum,
796 3240 901 3302 neque
923 3220 1068 3300 ambiguo
1086 3238 1156 3284 'ma-

136 3336 181 3414 gis
200 3346 324 3411 eventu,
346 3334 425 3406 fusis
445 3334 595 3416 utrinque
617 3331 736 3399 dextris
755 3334 914 3406 cornibus.
957 3337 1157 3416 sperabatur·

135 3468 198 3531 que
219 3464 331 3513 mersus
352 3468 472 3529 pugna,
495 3448 530 3507 ni
549 3444 768 3519 Maroboduus
789 3459 889 3511 castra
909 3450 943 3509 in
961 3452 1059 3513 colles
1081 3452 1158 3516 sub·

136 3560 290 3626 duxisset.
332 3560 366 3623 id
390 3563 513 3641 signum
542 3564 678 3645 perculsi
698 3565 777 3644 fuit;
798 3577 829 3625 et
849 3564 1028 3643 transfitgiis
1049 3566 1158 3643 paula·

24 3730 26 3745 ,
135 3675 193 3737 tim
218 3672 356 3739 nudatus
384 3675 420 3735 in
443 3674 664 3738 Marcomanos
691 3676 844 3739 concessit
867 3679 1014 3758 misitque
1041 3679 1158 3754 legatos

24 3756 26 3785 i
136 3790 177 3855 ad
214 3792 380 3857 Tiberium
417 3804 562 3883 oraturos
599 3791 726 3854 auxilia.
780 3792 978 3871 Responsum
1011 3803 1058 3853 est
1093 3810 1159 3853 non

134 3913 209 3986 jure
226 3930 300 3971 eum
319 3906 467 3973 adversus
483 3907 658 3974 Cheruscos
676 3928 762 3971 arma
778 3926 909 3968 romana
927 3904 1085 3982 invocare,
1104 3905 1160 3985 qui

134 4036 312 4101 pugnantes
328 4022 361 4083 in
379 4020 514 4091 eundem
529 4024 651 4085 hostem
666 4020 825 4085 Romanos
840 4021 927 4081 nulla
945 4037 1005 4100 ope
1022 4019 1160 4096 juvisset,

133 4136 255 4201 Missus
276 4149 382 4199 tamen
403 4136 545 4215 Drusus,
568 4148 603 4197 ut
623 4134 818 4212 rettulimus,
838 4133 908 4214 paci
930 4134 1080 4197 firmator.

854 4250 874 4309 4
885 4248 901 4284 ‘t
