2959 4875
514 427 751 498 cumulum
1118 437 1140 501 5

39 643 41 690 ;
123 604 201 670 dinis
221 607 458 670 incitamentum
481 617 545 682 est,
579 627 646 669 uon
668 629 757 670 casus
778 629 838 672 nec
860 609 990 673 fortuita
1014 613 1141 692 conglo-

39 707 40 760 ἕ
122 724 202 785 batio
223 736 359 786 turmam
382 735 437 782 aut
458 743 592 784 cuneum
613 724 696 800 lacit,
718 722 775 785 sed
794 723 931 787 familiae
953 738 985 786 et
1006 726 1139 808 propin·

38 909 39 912 Ἴ
121 840 248 920 quitates
271 850 304 900 et
323 839 355 898 in
380 837 527 916 proximo
548 837 698 918 pignora,
722 836 806 902 unde
828 839 1015 901 sentinarum
1037 841 1138 900 ulula·

120 964 167 1012 tus
188 951 305 1026 audiri,
333 949 418 1012 unde
443 954 563 1031 vagitus
586 951 767 1015 inlantium.
817 954 854 1015 lri
875 954 988 1036 cuique
1009 956 1138 1038 sanctis·

120 1065 186 1126 simi
204 1078 312 1141 testes,
343 1064 379 1126 hi
400 1065 529 1126 maximi
548 1063 740 1126 laudatores.
784 1063 825 1127 ad
846 1078 977 1143 matres,
999 1064 1040 1128 sd
1062 1087 1138 1128 con·

38 1159 39 1182 ¹
117 1182 199 1258 juges
226 1182 359 1242 vulnera
390 1181 513 1258 ferunt3
544 1200 602 1242 nec
632 1180 705 1240 illae
732 1201 901 1242 numerare
928 1194 983 1243 aut
1012 1183 1136 1262 exigere

38 1315 40 1332 ³
119 1298 218 1376 plagas
234 1309 359 1377 pavent,
375 1297 525 1378 cibosque
542 1307 573 1358 et
587 1295 767 1358 hortamina
781 1299 995 1378 pugnantibus
1008 1310 1137 1380 gestant.

197 1412 370 1474 Memoriae
396 1409 560 1492 proditur,
595 1411 748 1493 quasdam
776 1412 857 1476 acies
885 1415 1047 1478 inclinatas
1073 1419 1168 1492 ianae

38 1505 40 1522 ’
117 1539 148 1588 et
174 1528 315 1590 labantes
343 1550 362 1588 a
393 1523 519 1590 feminis
554 1527 713 1590 restitutas
747 1530 920 1592 constantia
948 1549 1078 1610 precum
1106 1540 1136 1589 et

38 1663 39 1666 ¹
118 1643 238 1717 objectu
257 1653 416 1722 pectorum
433 1653 464 1702 et
478 1652 651 1702 monstrata
667 1642 810 1704 cominus
832 1641 1018 1722 captivitate,
1041 1661 1134 1722 quam

116 1757 204 1835 longe
235 1755 446 1838 impatientius
476 1755 663 1818 leminarum
695 1778 824 1820 suarum
858 1756 984 1818 nomine
1015 1755 1134 1832 ment,

115 1866 190 1932 adeo
209 1881 245 1930 nt
265 1868 420 1930 efficacius
442 1869 619 1948 obligentur
640 1870 736 1932 animi
758 1870 927 1950 civitatum,
952 1870 1068 1954 quibus
1085 1869 1134 1932 iu·

116 1993 158 2042 ter
180 1979 309 2044 obsides
335 1983 456 2062 puellae
485 2001 613 2064 quoque
635 1983 757 2045 nobiles
777 1982 984 2064 imperantur.
1027 1983 1134 2045 inesse

37 2143 39 2180 3
116 2094 190 2176 quin
221 2094 315 2156 etiam
347 2106 485 2180 sanctum
516 2094 635 2178 aliquid
667 2107 699 2155 et
725 2094 894 2175 providum
917 2107 1047 2177 putant,
1076 2117 1133 2157 noc

116 2222 165 2270 aut
185 2209 318 2272 consilia
338 2229 447 2272 earum
472 2222 684 2292 aspernantur
712 2222 768 2270 aut
792 2229 945 2292 responsa
965 2207 1133 2290 negligunt.

36 2303 39 2370 Ῑ
114 2323 256 2386 Vidimus
286 2323 346 2386 sub
373 2323 446 2386 divo
471 2323 667 2405 Vespasiano
688 2321 843 2386 Veledam
870 2321 925 2386 diu
954 2319 1038 2406 apud
1066 2323 1132 2404 ple·

114 2458 224 2520 rosque
246 2437 386 2499 numinis
409 2441 480 2499 loco
499 2437 649 2499 habitam.
689 2432 746 2499 sed
767 2450 799 2499 et
820 2437 896 2501 olim
915 2439 1079 2501 Auriniam
1102 2448 1134 2499 et

115 2555 287 2637 complures
311 2555 387 2617 alias
412 2554 553 2621 venerati
576 2565 650 2615 sunt
672 2572 738 2615 uon
760 2550 957 2632 adulatione,
986 2574 1044 2615 nec
1064 2566 1133 2615 tan·

36 2674 37 2691 ³
116 2690 206 2754 quam
227 2670 366 2733 facerent
392 2667 475 2732 deas.

192 2788 338 2849 Deorum
358 2785 492 2847 maximo
514 2785 707 2847 Mercurium
733 2785 858 2859 colunt,
880 2782 930 2845 cui
956 2784 1046 2845 certis
1068 2780 1163 2847 die-tt

113 2900 169 2960 bus
189 2898 335 2963 humanis
361 2920 490 2983 quoque
516 2896 627 2959 hostiis
655 2898 746 2958 litare
770 2895 817 2959 fas
837 2897 964 2958 babent.
1010 2893 1133 2955 Hercu·

36 3042 37 3103 j
111 3012 170 3077 lem
192 3037 227 3077 ao
241 3016 378 3077 Martem
399 3014 551 3077 concessis
573 3011 761 3076 animalibus
782 3012 916 3093 placant.
956 3010 1033 3073 Pars
1053 3006 1133 3071 Sue-

111 3148 221 3191 vorum
243 3141 274 3190 et
292 3128 368 3191 lsidi
388 3125 548 3191 sacrificat.
591 3122 676 3187 unde
698 3145 791 3187 causa
812 3138 842 3186 et
860 3126 947 3205 origo
965 3121 1129 3204 peregrino

36 3226 37 3239 ἶ
111 3262 196 3304 sacro
219 3262 331 3325 parum
357 3239 512 3321 comperi,
545 3238 605 3300 nisi
626 3236 713 3323 quod
734 3239 858 3317 signum
878 3237 982 3317 iprum
1004 3235 1039 3296 in
1063 3254 1131 3297 mo·

111 3354 182 3419 ditm
218 3357 364 3419 liburnae
399 3354 567 3434 figuratum
608 3354 699 3417 docet
739 3352 898 3415 advectam
936 3350 1131 3432 religionem.

111 3472 257 3534 Ceterum
283 3492 341 3531 nec
362 3470 509 3531 cohibere
534 3470 706 3552 parietibus
732 3466 823 3545 deos,
854 3487 958 3550 neque
978 3466 1013 3528 in
1034 3464 1130 3527 ullam

36 3598 37 3639 1
109 3584 239 3647 humani
270 3585 334 3646 oris
362 3583 496 3665 speciem
527 3583 697 3645 assImilate
727 3602 769 3643 ex
795 3578 1008 3661 magnitudine
1030 3577 1131 3640 coele·

109 3700 199 3759 stium
226 3698 429 3759 arbitrantur.
470 3696 574 3760 Lucos
608 3720 643 3759 ac
671 3716 803 3760 nemora
832 3703 1030 3767 consecrant,
1056 3688 1132 3750 deo·

108 3833 242 3895 rnnrque
270 3812 454 3875 nominibus
478 3814 635 3895 appellant
657 3825 811 3876 secretum
832 3807 928 3884 illud,
958 3800 1043 3886 quod
1065 3806 1131 3867 sola

107 3925 285 3991 reverentia
306 3924 423 3989 vident.

190 4038 342 4121 Auspicia
362 4050 525 4122 sortesque
547 4049 583 4098 ut
603 4037 659 4119 qui
678 4035 815 4097 maxime
833 4032 1014 4095 observant.
1056 4025 1181 4095 Sor-10

106 4154 183 4219 tium
207 4153 403 4219 consuetudo
431 4152 583 4235 simplex:
615 4150 733 4231 virgam
756 4145 925 4229 frugiferae
950 4143 1055 4209 arbori
1079 4140 1133 4203 ‹le-
