2959 4875
469 415 532 484 EX
553 415 806 487 ANNALlBUS
1102 423 1146 491 29

125 591 268 656 clunibus
289 594 386 675 pacis,
408 611 506 675 quum
529 591 657 676 quidam
678 593 718 654 ad
744 593 965 663 Germanicum
989 595 1146 677 perfugis·

124 719 210 785 seut,
237 707 356 789 reliqui
378 707 499 768 omissis
520 708 607 786 pagis
628 708 767 789 vicisque
788 708 823 770 in
846 710 940 774 silvas
962 709 1147 791 dispergun-

124 831 188 882 tur.
231 819 349 883 Caesar
369 821 497 885 incenso
519 821 632 886 Mattio
655 821 702 902 (id
723 826 808 902 genti
829 825 936 906 caput)
958 839 1066 907 aperta
1086 847 1145 907 po-

124 937 252 1018 pulatus
281 938 377 999 vertit
396 937 443 998 ad
472 936 637 1016 Rhenum,
666 959 732 1000 non
762 959 840 1001 auso
868 942 957 1001 hoste
984 952 1070 1018 terga
1091 941 1146 1001 ab·

126 1053 271 1114 euntium
291 1054 458 1130 lacessere,
480 1051 568 1136 quod
590 1053 637 1115 illi
658 1054 772 1132 moris,
793 1055 939 1137 quotiens
961 1067 1028 1117 astu
1049 1053 1147 1132 magis

22 1187 24 1200 ·
126 1188 224 1248 quem
245 1185 305 1248 per
324 1166 525 1245 formidinem
548 1169 648 1231 cessit.
695 1171 813 1232 Fuerat
834 1171 958 1230 suimus
980 1167 1146 1231 Cheruscis

123 1287 235 1359 juvare
257 1267 403 1345 Chattos:
438 1281 493 1348 sed
519 1285 670 1348 exterruit
693 1284 828 1348 Caecina
852 1287 913 1349 huc
940 1287 1014 1348 illuc
1040 1287 1146 1347 ferens

126 1416 223 1473 arma,
242 1407 274 1456 et
285 1395 408 1458 Marsos
423 1396 569 1476 congredi
583 1419 675 1463 ausos
692 1419 845 1482 prospero
860 1399 982 1482 proelio
996 1399 1146 1463 cohibuit.

209 1507 324 1590 Neque
345 1511 444 1572 multo
465 1523 538 1590 post
562 1512 654 1591 legati
678 1534 697 1573 a
725 1511 850 1592 Segeste
878 1526 1033 1578 venerunt
1054 1513 1145 1574 auxi·
1159 1507 1185 1572 1,
1194 1509 1230 1561 bt

124 1623 203 1690 lium
226 1637 350 1686 orantes
372 1621 522 1686 adversus
542 1625 608 1686 vim
630 1624 851 1705 popularium,
881 1646 901 1687 a
922 1626 992 1707 quis
1013 1624 1145 1688 circum·

63 1769 65 1774 v
124 1735 311 1817 sedebatur,
332 1735 483 1800 validiore
506 1737 591 1820 apud
613 1759 666 1801 eos
687 1740 850 1819 Arminio,
879 1738 1006 1822 quarmo
1025 1741 1146 1804 bellum

124 1849 296 1914 suadebat:
318 1873 389 1914 nam
411 1854 569 1931 barburIs,
591 1869 708 1938 quanto
730 1857 801 1940 quis
822 1856 951 1919 audacia
971 1869 1146 1938 promptus,

122 1979 218 2030 tanto
237 1967 334 2045 magis
351 1967 428 2030 lidus
447 1971 607 2052 rebusque
627 1972 718 2034 motis
736 1972 843 2052 potior
859 1973 1005 2034 habetur.
1047 1967 1147 2033 Addi-

125 2083 220 2146 derat
241 2083 379 2162 Segestes
406 2083 514 2164 legatis
544 2083 645 2148 filium
665 2085 793 2147 nomine
815 2083 1059 2164 Segimundum:
1091 2081 1147 2143 sed

123 2197 250 2274 iuvenis
269 2198 455 2260 conscientia
475 2201 689 2260 cunctabatur.
731 2199 850 2280 quippe
867 2218 960 2273 anno,
983 2217 1047 2279 quo
1067 2194 1146 2257 Ger·

124 2309 249 2370 maniae
273 2308 429 2374 descivere
441 2308 480 2392 *),
501 2311 644 2373 sacerdos
667 2309 750 2392 apud
772 2333 856 2374 arum
879 2309 1036 2374 Ubiorum
1059 2331 1146 2371 crea·

22 2448 24 2511 ζ
124 2434 176 2487 tus
198 2437 325 2505 ruperat
352 2425 461 2503 vittas,
490 2428 642 2509 profugus
666 2425 706 2498 ad
729 2429 871 2491 rebelles.
921 2427 1072 2491 adductus
1097 2437 1145 2487 tu·

124 2559 200 2599 men
227 2540 260 2599 in
290 2560 376 2621 spem
403 2541 583 2602 clementiae
604 2561 754 2603 romanae
779 2540 910 2621 pertulit
929 2540 1027 2621 patris
1057 2559 1146 2599 ruan-

22 2654 24 2663 ’
125 2652 214 2732 data,
247 2656 443 2739 benigneque
475 2668 622 2737 exceptus
652 2676 725 2717 cum
755 2653 911 2735 praesidio
939 2654 1081 2733 gallicam
1110 2653 1144 2713 in

125 2770 226 2849 ripam
252 2768 365 2830 missus
394 2780 450 2829 est.
494 2768 681 2831 Germanico
709 2769 845 2848 pretium
872 2768 934 2829 fuit
964 2778 1146 2829 convertere

127 2902 262 2962 agmen,
275 2894 511 2963 pugnatumque
531 2882 566 2941 in
588 2880 785 2956 obsidentes,
805 2892 837 2941 et
858 2891 984 2959 ereptus
1006 2877 1146 2957 Segestes

124 3017 238 3075 magna
264 3016 336 3057 cum
359 2995 613 3077 propinquorum
637 3008 667 3057 et
689 2994 850 3057 clientium
869 3014 975 3056 mauu.
1018 2994 1147 3054 Inerant

126 3112 262 3173 feminae
294 3110 433 3187 nobiles,
464 3110 547 3171 inter
579 3131 657 3193 quas
692 3132 777 3172 uxor
806 3109 942 3172 Arminii
976 3108 1146 3187 eademque

124 3226 189 3289 filia
211 3210 361 3305 Segestis,
382 3225 485 3289 meriti
506 3226 602 3305 magis
625 3244 720 3308 quam
740 3222 881 3304 parentis
902 3221 1023 3295 animo,
1043 3238 1146 3300 neque

124 3342 206 3404 rictu
227 3342 263 3401 in
284 3339 426 3403 lacrimas
452 3358 556 3420 nsque
577 3356 655 3401 voce
678 3337 829 3418 supplex,
859 3333 1042 3414 compressis
1063 3333 1148 3393 intra

125 3454 229 3513 sinum
256 3454 401 3513 manibus
428 3449 591 3529 gravidum
619 3462 744 3513 uterum
770 3450 907 3511 intuens.
949 3444 1147 3509 Ferebantur

22 3544 23 3547 Ἴ
126 3578 157 3626 et
178 3566 280 3645 spolia
300 3565 449 3628 varianae
479 3562 573 3625 cladis
596 3564 755 3645 plerisque
781 3584 908 3642 eorum,
938 3562 995 3645 qui
1020 3574 1088 3623 tum
1113 3558 1148 3617 in

127 3674 317 3739 deditionem
339 3675 524 3752 veniebant,
545 3672 681 3759 praedae
703 3674 786 3738 data.

211 3788 313 3849 Simul
334 3786 476 3868 Segestes
497 3789 563 3869 ipse
592 3789 701 3867 ingens
727 3788 798 3851 visu
822 3798 852 3846 et
872 3780 1235 3861 memoriabonae1,68

125 3904 283 3968 societatis
299 3904 489 3989 impavidus.
529 3906 636 3967 Verba
658 3910 723 3983 ejus
744 3902 779 3963 in
798 3903 884 3962 hunc
902 3896 1033 3963 modum
1050 3899 1149 3959 luere.

181 4138 396 4207 ussus
