<?xml version="1.0" encoding="UTF-8"?>
<!DOCTYPE html PUBLIC "-//W3C//DTD XHTML 1.0 Transitional//EN"
    "http://www.w3.org/TR/xhtml1/DTD/xhtml1-transitional.dtd">
<html xmlns="http://www.w3.org/1999/xhtml" xml:lang="en" lang="en">
 <head>
  <title>
</title>
<meta http-equiv="Content-Type" content="text/html;charset=utf-8" />
  <meta name='ocr-system' content='tesseract 3.04.00' />
  <meta name='ocr-capabilities' content='ocr_page ocr_carea ocr_par ocr_line ocrx_word'/>
</head>
<body>
  <div class='ocr_page' id='page_1' title='image "./tacitigermania00grimgoog_0018.png"; bbox 0 0 2959 4875; ppageno 0'>
   <div class='ocr_carea' id='block_1_1' title="bbox 316 393 947 462">
    <p class='ocr_par' dir='ltr' id='par_1_1' title="bbox 316 393 947 462">
     <span class='ocr_line' id='line_1_1' title="bbox 316 393 947 462; baseline 0 0"><span class='ocrx_word' id='word_1_1' title='bbox 316 397 339 462; x_wconf 83' lang='grc'>8</span> <span class='ocrx_word' id='word_1_2' title='bbox 709 393 947 462; x_wconf 72' lang='lat' dir='ltr'><strong>onnnttttt</strong></span> 
     </span>
    </p>
   </div>
   <div class='ocr_carea' id='block_1_2' title="bbox 318 565 1393 997">
    <p class='ocr_par' dir='ltr' id='par_1_2' title="bbox 318 565 1393 997">
     <span class='ocr_line' id='line_1_2' title="bbox 318 565 1344 653; baseline -0.002 -19"><span class='ocrx_word' id='word_1_3' title='bbox 318 582 492 650; x_wconf 66' lang='lat' dir='ltr'><strong>acmantum</strong></span> <span class='ocrx_word' id='word_1_4' title='bbox 516 589 688 653; x_wconf 83' lang='lat' dir='ltr'><strong>magnaque</strong></span> <span class='ocrx_word' id='word_1_5' title='bbox 710 580 742 632; x_wconf 87' lang='lat' dir='ltr'><strong>et</strong></span> <span class='ocrx_word' id='word_1_6' title='bbox 765 567 914 632; x_wconf 88' lang='lat' dir='ltr'><strong>comitum</strong></span> <span class='ocrx_word' id='word_1_7' title='bbox 934 567 1116 647; x_wconf 76' lang='lat' dir='ltr'><strong>acutulatio,</strong></span> <span class='ocrx_word' id='word_1_8' title='bbox 1138 565 1254 652; x_wconf 79' lang='lat' dir='ltr'><strong>quibua</strong></span> <span class='ocrx_word' id='word_1_9' title='bbox 1276 567 1344 650; x_wconf 88' lang='lat' dir='ltr'><strong>pri-</strong></span> 
     </span>
     <span class='ocr_line' id='line_1_3' title="bbox 318 675 1343 772; baseline -0.004 -24"><span class='ocrx_word' id='word_1_10' title='bbox 318 705 388 748; x_wconf 74' lang='lat' dir='ltr'><strong>mus</strong></span> <span class='ocrx_word' id='word_1_11' title='bbox 410 681 494 768; x_wconf 86' lang='lat' dir='ltr'><strong>apud</strong></span> <span class='ocrx_word' id='word_1_12' title='bbox 514 685 686 766; x_wconf 83' lang='lat' dir='ltr'><strong>principem</strong></span> <span class='ocrx_word' id='word_1_13' title='bbox 707 703 800 744; x_wconf 84' lang='lat' dir='ltr'><strong>auum</strong></span> <span class='ocrx_word' id='word_1_14' title='bbox 821 685 918 759; x_wconf 78' lang='lat' dir='ltr'><strong>locus,</strong></span> <span class='ocrx_word' id='word_1_15' title='bbox 940 695 971 744; x_wconf 90' lang='lat' dir='ltr'><strong>et</strong></span> <span class='ocrx_word' id='word_1_16' title='bbox 986 682 1175 772; x_wconf 58' lang='lat' dir='ltr'><strong>principum</strong></span> <span class='ocrx_word' id='word_1_17' title='bbox 1199 675 1250 746; x_wconf 76' lang='lat' dir='ltr'><strong>cui</strong></span> <span class='ocrx_word' id='word_1_18' title='bbox 1269 685 1343 764; x_wconf 88' lang='lat' dir='ltr'><strong>plu-</strong></span> 
     </span>
     <span class='ocr_line' id='line_1_4' title="bbox 318 797 1342 878; baseline -0.002 -16"><span class='ocrx_word' id='word_1_19' title='bbox 318 801 391 864; x_wconf 88' lang='lat' dir='ltr'><strong>rimi</strong></span> <span class='ocrx_word' id='word_1_20' title='bbox 424 813 455 862; x_wconf 93' lang='lat' dir='ltr'><strong>et</strong></span> <span class='ocrx_word' id='word_1_21' title='bbox 484 801 630 864; x_wconf 76' lang='lat' dir='ltr'>acerrimi</span> <span class='ocrx_word' id='word_1_22' title='bbox 659 801 799 863; x_wconf 79' lang='lat' dir='ltr'><strong>comiter.</strong></span> <span class='ocrx_word' id='word_1_23' title='bbox 851 799 937 863; x_wconf 90' lang='lat' dir='ltr'><strong>Haec</strong></span> <span class='ocrx_word' id='word_1_24' title='bbox 968 797 1119 878; x_wconf 76' lang='lat' dir='ltr'><strong>dignitas,</strong></span> <span class='ocrx_word' id='word_1_25' title='bbox 1154 800 1214 861; x_wconf 77' lang='lat' dir='ltr'><strong>liae</strong></span> <span class='ocrx_word' id='word_1_26' title='bbox 1245 799 1342 874; x_wconf 70' lang='lat' dir='ltr'><strong>eirea,</strong></span> 
     </span>
     <span class='ocr_line' id='line_1_5' title="bbox 319 911 1393 997; baseline -0.007 -18"><span class='ocrx_word' id='word_1_27' title='bbox 319 937 432 997; x_wconf 79' lang='lat' dir='ltr'><strong>magno</strong></span> <span class='ocrx_word' id='word_1_28' title='bbox 454 937 578 997; x_wconf 77' lang='lat' dir='ltr'><strong>temper</strong></span> <span class='ocrx_word' id='word_1_29' title='bbox 600 918 768 978; x_wconf 88' lang='lat' dir='ltr'><strong>electorum</strong></span> <span class='ocrx_word' id='word_1_30' title='bbox 790 918 939 991; x_wconf 86' lang='lat' dir='ltr'><strong>juvenum</strong></span> <span class='ocrx_word' id='word_1_31' title='bbox 961 915 1055 993; x_wconf 82' lang='lat' dir='ltr'>globo</span> <span class='ocrx_word' id='word_1_32' title='bbox 1077 911 1280 991; x_wconf 83' lang='lat' dir='ltr'><strong>circumdari3</strong></span> <span class='ocrx_word' id='word_1_33' title='bbox 1307 912 1344 973; x_wconf 90' lang='lat' dir='ltr'><strong>iu</strong></span> <span class='ocrx_word' id='word_1_34' title='bbox 1388 913 1393 920; x_wconf 84' lang='grc'><em>’</em></span> 
     </span>
    </p>
   </div>
   <div class='ocr_carea' id='block_1_3' title="bbox 320 1025 1345 1112">
    <p class='ocr_par' dir='ltr' id='par_1_3' title="bbox 320 1025 1345 1112">
     <span class='ocr_line' id='line_1_6' title="bbox 320 1025 1345 1112; baseline -0.002 -20"><span class='ocrx_word' id='word_1_35' title='bbox 320 1051 396 1112; x_wconf 86' lang='lat' dir='ltr'><strong>pace</strong></span> <span class='ocrx_word' id='word_1_36' title='bbox 427 1027 536 1106; x_wconf 86' lang='lat' dir='ltr'><strong>decue,</strong></span> <span class='ocrx_word' id='word_1_37' title='bbox 566 1028 599 1090; x_wconf 92' lang='lat' dir='ltr'><strong>in</strong></span> <span class='ocrx_word' id='word_1_38' title='bbox 631 1028 714 1091; x_wconf 91' lang='lat' dir='ltr'><strong>bello</strong></span> <span class='ocrx_word' id='word_1_39' title='bbox 744 1025 946 1109; x_wconf 81' lang='lat' dir='ltr'><strong>praesidium.</strong></span> <span class='ocrx_word' id='word_1_40' title='bbox 995 1027 1063 1090; x_wconf 89' lang='lat' dir='ltr'><strong>Neo</strong></span> <span class='ocrx_word' id='word_1_41' title='bbox 1090 1031 1194 1090; x_wconf 89' lang='lat' dir='ltr'><strong>aolum</strong></span> <span class='ocrx_word' id='word_1_42' title='bbox 1222 1026 1258 1088; x_wconf 90' lang='lat' dir='ltr'><strong>in</strong></span> <span class='ocrx_word' id='word_1_43' title='bbox 1284 1049 1345 1090; x_wconf 85' lang='lat' dir='ltr'><strong>sua</strong></span> 
     </span>
    </p>
   </div>
   <div class='ocr_carea' id='block_1_4' title="bbox 274 1141 1454 4207">
    <p class='ocr_par' dir='ltr' id='par_1_4' title="bbox 320 1141 1345 1573">
     <span class='ocr_line' id='line_1_7' title="bbox 320 1141 1343 1227; baseline -0.003 -20"><span class='ocrx_word' id='word_1_44' title='bbox 320 1158 411 1224; x_wconf 79' lang='lat' dir='ltr'><strong>gente</strong></span> <span class='ocrx_word' id='word_1_45' title='bbox 443 1143 572 1226; x_wconf 86' lang='lat' dir='ltr'><strong>cuique,</strong></span> <span class='ocrx_word' id='word_1_46' title='bbox 604 1141 659 1204; x_wconf 86' lang='lat' dir='ltr'><strong>aad</strong></span> <span class='ocrx_word' id='word_1_47' title='bbox 691 1141 776 1225; x_wconf 86' lang='lat' dir='ltr'><strong>apud</strong></span> <span class='ocrx_word' id='word_1_48' title='bbox 803 1143 951 1206; x_wconf 83' lang='lat' dir='ltr'><strong>finitimae</strong></span> <span class='ocrx_word' id='word_1_49' title='bbox 980 1164 1109 1227; x_wconf 92' lang='lat' dir='ltr'><strong>quoque</strong></span> <span class='ocrx_word' id='word_1_50' title='bbox 1140 1143 1290 1207; x_wconf 73' lang='lat' dir='ltr'><strong>civitatee</strong></span> <span class='ocrx_word' id='word_1_51' title='bbox 1310 1142 1343 1204; x_wconf 89' lang='lat' dir='ltr'><strong>id</strong></span> 
     </span>
     <span class='ocr_line' id='line_1_8' title="bbox 322 1259 1344 1341; baseline -0.002 -17"><span class='ocrx_word' id='word_1_52' title='bbox 322 1283 456 1337; x_wconf 88' lang='lat' dir='ltr'><strong>nomen,</strong></span> <span class='ocrx_word' id='word_1_53' title='bbox 485 1283 522 1324; x_wconf 92' lang='lat' dir='ltr'><strong>ea</strong></span> <span class='ocrx_word' id='word_1_54' title='bbox 548 1259 647 1341; x_wconf 84' lang='lat' dir='ltr'><strong>gloria</strong></span> <span class='ocrx_word' id='word_1_55' title='bbox 674 1272 737 1340; x_wconf 87' lang='lat' dir='ltr'><strong>eat,</strong></span> <span class='ocrx_word' id='word_1_56' title='bbox 768 1261 795 1322; x_wconf 84' lang='lat' dir='ltr'><strong>ai</strong></span> <span class='ocrx_word' id='word_1_57' title='bbox 817 1279 950 1322; x_wconf 89' lang='lat' dir='ltr'><strong>numero</strong></span> <span class='ocrx_word' id='word_1_58' title='bbox 973 1282 1008 1324; x_wconf 89' lang='lat' dir='ltr'><strong>ac</strong></span> <span class='ocrx_word' id='word_1_59' title='bbox 1032 1260 1148 1325; x_wconf 80' lang='lat' dir='ltr'><strong>virtute</strong></span> <span class='ocrx_word' id='word_1_60' title='bbox 1177 1260 1344 1322; x_wconf 72' lang='lat' dir='ltr'><strong>comitatus</strong></span> 
     </span>
     <span class='ocr_line' id='line_1_9' title="bbox 323 1373 1345 1458; baseline -0.002 -20"><span class='ocrx_word' id='word_1_61' title='bbox 323 1376 467 1440; x_wconf 78' lang='lat' dir='ltr'><strong>emineat.</strong></span> <span class='ocrx_word' id='word_1_62' title='bbox 520 1387 711 1458; x_wconf 77' lang='lat' dir='ltr'><strong>expetuntur</strong></span> <span class='ocrx_word' id='word_1_63' title='bbox 746 1376 830 1439; x_wconf 84' lang='lat' dir='ltr'><strong>enim</strong></span> <span class='ocrx_word' id='word_1_64' title='bbox 859 1377 1065 1456; x_wconf 71' lang='lat' dir='ltr'><strong>legationibus</strong></span> <span class='ocrx_word' id='word_1_65' title='bbox 1095 1387 1126 1438; x_wconf 90' lang='lat' dir='ltr'><strong>et</strong></span> <span class='ocrx_word' id='word_1_66' title='bbox 1158 1373 1345 1436; x_wconf 75' lang='lat' dir='ltr'><strong>muneribus</strong></span> 
     </span>
     <span class='ocr_line' id='line_1_10' title="bbox 322 1485 1251 1573; baseline -0.01 -17"><span class='ocrx_word' id='word_1_67' title='bbox 322 1505 493 1563; x_wconf 83' lang='lat' dir='ltr'><strong>ornantur,</strong></span> <span class='ocrx_word' id='word_1_68' title='bbox 515 1503 547 1554; x_wconf 89' lang='lat' dir='ltr'><strong>et</strong></span> <span class='ocrx_word' id='word_1_69' title='bbox 567 1489 635 1572; x_wconf 86' lang='lat' dir='ltr'><strong>ipaa</strong></span> <span class='ocrx_word' id='word_1_70' title='bbox 656 1491 843 1573; x_wconf 86' lang='lat' dir='ltr'><strong>plerumque</strong></span> <span class='ocrx_word' id='word_1_71' title='bbox 865 1491 950 1551; x_wconf 87' lang='lat' dir='ltr'><strong>sama</strong></span> <span class='ocrx_word' id='word_1_72' title='bbox 969 1489 1052 1554; x_wconf 77' lang='lat' dir='ltr'><strong>hetta</strong></span> <span class='ocrx_word' id='word_1_73' title='bbox 1068 1485 1251 1573; x_wconf 83' lang='lat' dir='ltr'><strong>profligant.</strong></span> 
     </span>
    </p>

    <p class='ocr_par' dir='ltr' id='par_1_5' title="bbox 274 1601 1454 3751">
     <span class='ocr_line' id='line_1_11' title="bbox 274 1601 1344 1686; baseline -0.007 -12"><span class='ocrx_word' id='word_1_74' title='bbox 274 1622 309 1674; x_wconf 76' lang='lat' dir='ltr'><strong>te</strong></span> <span class='ocrx_word' id='word_1_75' title='bbox 407 1603 515 1682; x_wconf 86' lang='lat' dir='ltr'><strong>Quum</strong></span> <span class='ocrx_word' id='word_1_76' title='bbox 550 1617 681 1669; x_wconf 80' lang='lat' dir='ltr'><strong>ventum</strong></span> <span class='ocrx_word' id='word_1_77' title='bbox 717 1603 753 1666; x_wconf 86' lang='lat' dir='ltr'><strong>in</strong></span> <span class='ocrx_word' id='word_1_78' title='bbox 784 1604 900 1681; x_wconf 83' lang='lat' dir='ltr'><strong>aciem,</strong></span> <span class='ocrx_word' id='word_1_79' title='bbox 938 1616 1031 1686; x_wconf 80' lang='lat' dir='ltr'><strong>turpe</strong></span> <span class='ocrx_word' id='word_1_80' title='bbox 1059 1603 1196 1686; x_wconf 82' lang='lat' dir='ltr'><strong>principi</strong></span> <span class='ocrx_word' id='word_1_81' title='bbox 1226 1601 1344 1666; x_wconf 90' lang='lat' dir='ltr'><strong>virtute</strong></span> 
     </span>
     <span class='ocr_line' id='line_1_12' title="bbox 322 1715 1344 1802; baseline -0.001 -18"><span class='ocrx_word' id='word_1_82' title='bbox 322 1721 422 1798; x_wconf 82' lang='lat' dir='ltr'><strong>vinci,</strong></span> <span class='ocrx_word' id='word_1_83' title='bbox 444 1734 535 1802; x_wconf 86' lang='lat' dir='ltr'><strong>turpe</strong></span> <span class='ocrx_word' id='word_1_84' title='bbox 553 1719 713 1784; x_wconf 88' lang='lat' dir='ltr'><strong>comitatui</strong></span> <span class='ocrx_word' id='word_1_85' title='bbox 729 1720 879 1788; x_wconf 73' lang='lat' dir='ltr'><strong>,virtutem</strong></span> <span class='ocrx_word' id='word_1_86' title='bbox 896 1718 1046 1800; x_wconf 86' lang='lat' dir='ltr'><strong>principia</strong></span> <span class='ocrx_word' id='word_1_87' title='bbox 1066 1737 1131 1782; x_wconf 88' lang='lat' dir='ltr'><strong>non</strong></span> <span class='ocrx_word' id='word_1_88' title='bbox 1156 1715 1344 1801; x_wconf 81' lang='lat' dir='ltr'><strong>adaequare.</strong></span> 
     </span>
     <span class='ocr_line' id='line_1_13' title="bbox 321 1824 1454 1915; baseline -0.002 -17"><span class='ocrx_word' id='word_1_89' title='bbox 321 1840 384 1914; x_wconf 77' lang='lat' dir='ltr'><strong>jam</strong></span> <span class='ocrx_word' id='word_1_90' title='bbox 408 1855 484 1899; x_wconf 90' lang='lat' dir='ltr'><strong>vero</strong></span> <span class='ocrx_word' id='word_1_91' title='bbox 505 1835 622 1897; x_wconf 84' lang='lat' dir='ltr'><strong>infame</strong></span> <span class='ocrx_word' id='word_1_92' title='bbox 646 1835 679 1897; x_wconf 90' lang='lat' dir='ltr'><strong>in</strong></span> <span class='ocrx_word' id='word_1_93' title='bbox 701 1853 828 1898; x_wconf 87' lang='lat' dir='ltr'><strong>omnem</strong></span> <span class='ocrx_word' id='word_1_94' title='bbox 848 1836 945 1898; x_wconf 85' lang='lat' dir='ltr'><strong>vitam</strong></span> <span class='ocrx_word' id='word_1_95' title='bbox 966 1855 1002 1896; x_wconf 90' lang='lat' dir='ltr'><strong>ac</strong></span> <span class='ocrx_word' id='word_1_96' title='bbox 1022 1836 1212 1915; x_wconf 79' lang='lat' dir='ltr'><strong>probrosum</strong></span> <span class='ocrx_word' id='word_1_97' title='bbox 1232 1853 1345 1914; x_wconf 86' lang='lat' dir='ltr'><strong>anper·</strong></span> <span class='ocrx_word' id='word_1_98' title='bbox 1453 1824 1454 1827; x_wconf 27' lang='lat'>¹</span> 
     </span>
     <span class='ocr_line' id='line_1_14' title="bbox 322 1945 1345 2029; baseline -0.001 -18"><span class='ocrx_word' id='word_1_99' title='bbox 322 1949 424 2012; x_wconf 85' lang='lat' dir='ltr'><strong>etitem</strong></span> <span class='ocrx_word' id='word_1_100' title='bbox 445 1946 658 2029; x_wconf 85' lang='lat' dir='ltr'><strong>principiano</strong></span> <span class='ocrx_word' id='word_1_101' title='bbox 681 1968 728 2010; x_wconf 86' lang='lat' dir='ltr'><strong>ex</strong></span> <span class='ocrx_word' id='word_1_102' title='bbox 754 1946 819 2016; x_wconf 84' lang='lat' dir='ltr'><strong>acie</strong></span> <span class='ocrx_word' id='word_1_103' title='bbox 839 1947 1013 2010; x_wconf 83' lang='lat' dir='ltr'><strong>receaaieae.</strong></span> <span class='ocrx_word' id='word_1_104' title='bbox 1053 1947 1144 2010; x_wconf 86' lang='lat' dir='ltr'><strong>illum</strong></span> <span class='ocrx_word' id='word_1_105' title='bbox 1165 1945 1345 2024; x_wconf 83' lang='lat' dir='ltr'><strong>defendere,</strong></span> 
     </span>
     <span class='ocr_line' id='line_1_15' title="bbox 322 2062 1344 2147; baseline 0.002 -23"><span class='ocrx_word' id='word_1_106' title='bbox 322 2062 423 2140; x_wconf 90' lang='lat' dir='ltr'><strong>tueri,</strong></span> <span class='ocrx_word' id='word_1_107' title='bbox 455 2082 513 2128; x_wconf 85' lang='lat' dir='ltr'><strong>aua</strong></span> <span class='ocrx_word' id='word_1_108' title='bbox 547 2083 674 2147; x_wconf 87' lang='lat' dir='ltr'><strong>quoque</strong></span> <span class='ocrx_word' id='word_1_109' title='bbox 705 2064 802 2128; x_wconf 88' lang='lat' dir='ltr'><strong>fortia</strong></span> <span class='ocrx_word' id='word_1_110' title='bbox 832 2063 916 2128; x_wconf 83' lang='lat' dir='ltr'><strong>facte</strong></span> <span class='ocrx_word' id='word_1_111' title='bbox 943 2063 1060 2144; x_wconf 84' lang='lat' dir='ltr'><strong>gloriae</strong></span> <span class='ocrx_word' id='word_1_112' title='bbox 1089 2067 1155 2142; x_wconf 87' lang='lat' dir='ltr'><strong>ejna</strong></span> <span class='ocrx_word' id='word_1_113' title='bbox 1187 2065 1344 2143; x_wconf 70' lang='lat' dir='ltr'><strong>assignare</strong></span> 
     </span>
     <span class='ocr_line' id='line_1_16' title="bbox 322 2170 1346 2260; baseline 0.002 -22"><span class='ocrx_word' id='word_1_114' title='bbox 322 2178 526 2260; x_wconf 88' lang='lat' dir='ltr'><strong>praecipuum</strong></span> <span class='ocrx_word' id='word_1_115' title='bbox 558 2189 786 2241; x_wconf 74' lang='lat' dir='ltr'><strong>sacramentum</strong></span> <span class='ocrx_word' id='word_1_116' title='bbox 818 2188 875 2239; x_wconf 83' lang='lat' dir='ltr'><strong>cet.</strong></span> <span class='ocrx_word' id='word_1_117' title='bbox 926 2170 1089 2257; x_wconf 76' lang='lat' dir='ltr'><strong>Principes</strong></span> <span class='ocrx_word' id='word_1_118' title='bbox 1119 2196 1179 2258; x_wconf 86' lang='lat' dir='ltr'><strong>pro</strong></span> <span class='ocrx_word' id='word_1_119' title='bbox 1213 2177 1346 2240; x_wconf 86' lang='lat' dir='ltr'><strong>victoria</strong></span> 
     </span>
     <span class='ocr_line' id='line_1_17' title="bbox 322 2290 1347 2377; baseline 0.001 -21"><span class='ocrx_word' id='word_1_120' title='bbox 322 2306 479 2375; x_wconf 83' lang='lat' dir='ltr'><strong>pugnant,</strong></span> <span class='ocrx_word' id='word_1_121' title='bbox 509 2293 637 2356; x_wconf 88' lang='lat' dir='ltr'><strong>comitae</strong></span> <span class='ocrx_word' id='word_1_122' title='bbox 657 2313 717 2374; x_wconf 91' lang='lat' dir='ltr'><strong>pro</strong></span> <span class='ocrx_word' id='word_1_123' title='bbox 737 2293 893 2374; x_wconf 86' lang='lat' dir='ltr'><strong>principe.</strong></span> <span class='ocrx_word' id='word_1_124' title='bbox 932 2290 968 2354; x_wconf 86' lang='lat' dir='ltr'><strong>Si</strong></span> <span class='ocrx_word' id='word_1_125' title='bbox 989 2293 1113 2372; x_wconf 79' lang='lat' dir='ltr'><strong>civitae,</strong></span> <span class='ocrx_word' id='word_1_126' title='bbox 1141 2294 1175 2355; x_wconf 88' lang='lat' dir='ltr'><strong>in</strong></span> <span class='ocrx_word' id='word_1_127' title='bbox 1198 2315 1262 2377; x_wconf 88' lang='lat' dir='ltr'><strong>qua</strong></span> <span class='ocrx_word' id='word_1_128' title='bbox 1283 2294 1347 2357; x_wconf 86' lang='lat' dir='ltr'><strong>orti</strong></span> 
     </span>
     <span class='ocr_line' id='line_1_18' title="bbox 323 2405 1346 2515; baseline 0.001 -44"><span class='ocrx_word' id='word_1_129' title='bbox 323 2419 406 2483; x_wconf 81' lang='lat' dir='ltr'><strong>eunt,</strong></span> <span class='ocrx_word' id='word_1_130' title='bbox 427 2407 520 2486; x_wconf 79' lang='lat' dir='ltr'><strong>longa</strong></span> <span class='ocrx_word' id='word_1_131' title='bbox 540 2427 617 2487; x_wconf 88' lang='lat' dir='ltr'><strong>pace</strong></span> <span class='ocrx_word' id='word_1_132' title='bbox 639 2417 670 2469; x_wconf 90' lang='lat' dir='ltr'><strong>et</strong></span> <span class='ocrx_word' id='word_1_133' title='bbox 692 2405 758 2469; x_wconf 85' lang='lat' dir='ltr'><strong>otio</strong></span> <span class='ocrx_word' id='word_1_134' title='bbox 778 2417 911 2489; x_wconf 88' lang='lat' dir='ltr'><strong>torpeat,</strong></span> <span class='ocrx_word' id='word_1_135' title='bbox 930 2405 1074 2492; x_wconf 89' lang='lat' dir='ltr'><strong>plerique</strong></span> <span class='ocrx_word' id='word_1_136' title='bbox 1094 2406 1346 2515; x_wconf 47' lang='lat' dir='ltr'><strong>nobiliumoatlo·</strong></span> 
     </span>
     <span class='ocr_line' id='line_1_19' title="bbox 321 2518 1346 2607; baseline 0.004 -24"><span class='ocrx_word' id='word_1_137' title='bbox 321 2518 503 2583; x_wconf 86' lang='lat' dir='ltr'><strong>leacentium</strong></span> <span class='ocrx_word' id='word_1_138' title='bbox 526 2532 637 2601; x_wconf 85' lang='lat' dir='ltr'><strong>petunt</strong></span> <span class='ocrx_word' id='word_1_139' title='bbox 659 2522 744 2583; x_wconf 90' lang='lat' dir='ltr'><strong>ultro</strong></span> <span class='ocrx_word' id='word_1_140' title='bbox 766 2542 818 2585; x_wconf 85' lang='lat' dir='ltr'><strong>eae</strong></span> <span class='ocrx_word' id='word_1_141' title='bbox 840 2524 1000 2599; x_wconf 81' lang='lat' dir='ltr'><strong>nationes,</strong></span> <span class='ocrx_word' id='word_1_142' title='bbox 1030 2545 1110 2607; x_wconf 87' lang='lat' dir='ltr'><strong>quae</strong></span> <span class='ocrx_word' id='word_1_143' title='bbox 1136 2525 1346 2588; x_wconf 81' lang='lat' dir='ltr'><strong>tumbellam</strong></span> 
     </span>
     <span class='ocr_line' id='line_1_20' title="bbox 323 2632 1345 2720; baseline 0.004 -25"><span class='ocrx_word' id='word_1_144' title='bbox 323 2632 451 2717; x_wconf 75' lang='lat' dir='ltr'><strong>aliquod</strong></span> <span class='ocrx_word' id='word_1_145' title='bbox 472 2646 601 2713; x_wconf 84' lang='lat' dir='ltr'><strong>gerunt,</strong></span> <span class='ocrx_word' id='word_1_146' title='bbox 634 2632 708 2717; x_wconf 88' lang='lat' dir='ltr'><strong>quia</strong></span> <span class='ocrx_word' id='word_1_147' title='bbox 729 2645 761 2696; x_wconf 89' lang='lat' dir='ltr'><strong>et</strong></span> <span class='ocrx_word' id='word_1_148' title='bbox 782 2634 904 2715; x_wconf 78' lang='lat' dir='ltr'><strong>ingrata</strong></span> <span class='ocrx_word' id='word_1_149' title='bbox 922 2637 1007 2717; x_wconf 81' lang='lat' dir='ltr'><strong>genti</strong></span> <span class='ocrx_word' id='word_1_150' title='bbox 1030 2637 1138 2720; x_wconf 83' lang='lat' dir='ltr'><strong>quiea,</strong></span> <span class='ocrx_word' id='word_1_151' title='bbox 1168 2647 1199 2700; x_wconf 90' lang='lat' dir='ltr'><strong>et</strong></span> <span class='ocrx_word' id='word_1_152' title='bbox 1222 2636 1345 2699; x_wconf 70' lang='lat' dir='ltr'><strong>facilius</strong></span> 
     </span>
     <span class='ocr_line' id='line_1_21' title="bbox 322 2744 1346 2834; baseline 0.005 -25"><span class='ocrx_word' id='word_1_153' title='bbox 322 2744 404 2809; x_wconf 86' lang='lat' dir='ltr'><strong>iuter</strong></span> <span class='ocrx_word' id='word_1_154' title='bbox 433 2748 579 2831; x_wconf 85' lang='lat' dir='ltr'><strong>ancipitia</strong></span> <span class='ocrx_word' id='word_1_155' title='bbox 610 2749 800 2829; x_wconf 76' lang='lat' dir='ltr'><strong>clarescunt,</strong></span> <span class='ocrx_word' id='word_1_156' title='bbox 831 2772 1041 2834; x_wconf 83' lang='lat' dir='ltr'><strong>magnumque</strong></span> <span class='ocrx_word' id='word_1_157' title='bbox 1072 2752 1252 2814; x_wconf 86' lang='lat' dir='ltr'><strong>comitatum</strong></span> <span class='ocrx_word' id='word_1_158' title='bbox 1278 2772 1346 2814; x_wconf 86' lang='lat' dir='ltr'><strong>non</strong></span> 
     </span>
     <span class='ocr_line' id='line_1_22' title="bbox 322 2862 1346 2949; baseline 0.005 -24"><span class='ocrx_word' id='word_1_159' title='bbox 322 2862 383 2927; x_wconf 82' lang='lat' dir='ltr'><strong>niei</strong></span> <span class='ocrx_word' id='word_1_160' title='bbox 404 2863 436 2927; x_wconf 82' lang='lat' dir='ltr'><strong>ti</strong></span> <span class='ocrx_word' id='word_1_161' title='bbox 458 2864 604 2947; x_wconf 87' lang='lat' dir='ltr'><strong>belloque</strong></span> <span class='ocrx_word' id='word_1_162' title='bbox 627 2876 746 2927; x_wconf 86' lang='lat' dir='ltr'><strong>tueare.</strong></span> <span class='ocrx_word' id='word_1_163' title='bbox 787 2866 927 2945; x_wconf 86' lang='lat' dir='ltr'><strong>Exignnt</strong></span> <span class='ocrx_word' id='word_1_164' title='bbox 955 2866 1039 2928; x_wconf 87' lang='lat' dir='ltr'><strong>enim</strong></span> <span class='ocrx_word' id='word_1_165' title='bbox 1060 2868 1211 2949; x_wconf 85' lang='lat' dir='ltr'><strong>principie</strong></span> <span class='ocrx_word' id='word_1_166' title='bbox 1232 2869 1283 2929; x_wconf 84' lang='lat' dir='ltr'><strong>eui</strong></span> <span class='ocrx_word' id='word_1_167' title='bbox 1304 2868 1346 2930; x_wconf 87' lang='lat' dir='ltr'><strong>li·</strong></span> 
     </span>
     <span class='ocr_line' id='line_1_23' title="bbox 322 2976 1347 3060; baseline 0.005 -22"><span class='ocrx_word' id='word_1_168' title='bbox 322 2978 484 3049; x_wconf 84' lang='lat' dir='ltr'><strong>beralitate</strong></span> <span class='ocrx_word' id='word_1_169' title='bbox 503 2978 590 3039; x_wconf 82' lang='lat' dir='ltr'><strong>illurn</strong></span> <span class='ocrx_word' id='word_1_170' title='bbox 608 2976 791 3039; x_wconf 83' lang='lat' dir='ltr'><strong>bellatorem</strong></span> <span class='ocrx_word' id='word_1_171' title='bbox 808 2996 935 3060; x_wconf 87' lang='lat' dir='ltr'><strong>equum,</strong></span> <span class='ocrx_word' id='word_1_172' title='bbox 956 2978 1042 3041; x_wconf 88' lang='lat' dir='ltr'><strong>illam</strong></span> <span class='ocrx_word' id='word_1_173' title='bbox 1061 2993 1223 3043; x_wconf 85' lang='lat' dir='ltr'><strong>cruentam</strong></span> <span class='ocrx_word' id='word_1_174' title='bbox 1237 2980 1347 3044; x_wconf 84' lang='lat' dir='ltr'><strong>victri-</strong></span> 
     </span>
     <span class='ocr_line' id='line_1_24' title="bbox 324 3089 1343 3177; baseline 0.009 -28"><span class='ocrx_word' id='word_1_175' title='bbox 324 3106 454 3172; x_wconf 84' lang='lat' dir='ltr'><strong>cemque</strong></span> <span class='ocrx_word' id='word_1_176' title='bbox 476 3089 637 3152; x_wconf 75' lang='lat' dir='ltr'><strong>frameam.</strong></span> <span class='ocrx_word' id='word_1_177' title='bbox 679 3111 752 3153; x_wconf 87' lang='lat' dir='ltr'><strong>nam</strong></span> <span class='ocrx_word' id='word_1_178' title='bbox 776 3093 886 3173; x_wconf 87' lang='lat' dir='ltr'><strong>epulae</strong></span> <span class='ocrx_word' id='word_1_179' title='bbox 907 3105 957 3171; x_wconf 87' lang='lat' dir='ltr'><strong>at,</strong></span> <span class='ocrx_word' id='word_1_180' title='bbox 979 3114 1161 3177; x_wconf 82' lang='lat' dir='ltr'><strong>quanquam</strong></span> <span class='ocrx_word' id='word_1_181' title='bbox 1182 3097 1343 3177; x_wconf 87' lang='lat' dir='ltr'><strong>incompti,</strong></span> 
     </span>
     <span class='ocr_line' id='line_1_25' title="bbox 323 3202 1347 3290; baseline 0.008 -27"><span class='ocrx_word' id='word_1_182' title='bbox 323 3202 401 3284; x_wconf 85' lang='lat' dir='ltr'><strong>largi</strong></span> <span class='ocrx_word' id='word_1_183' title='bbox 431 3215 536 3267; x_wconf 90' lang='lat' dir='ltr'><strong>tamen</strong></span> <span class='ocrx_word' id='word_1_184' title='bbox 569 3219 736 3289; x_wconf 83' lang='lat' dir='ltr'><strong>apparatae</strong></span> <span class='ocrx_word' id='word_1_185' title='bbox 767 3228 826 3290; x_wconf 91' lang='lat' dir='ltr'><strong>pro</strong></span> <span class='ocrx_word' id='word_1_186' title='bbox 854 3208 1011 3289; x_wconf 86' lang='lat' dir='ltr'><strong>atipentlio</strong></span> <span class='ocrx_word' id='word_1_187' title='bbox 1037 3207 1163 3273; x_wconf 88' lang='lat' dir='ltr'><strong>cedunt.</strong></span> <span class='ocrx_word' id='word_1_188' title='bbox 1214 3209 1347 3271; x_wconf 85' lang='lat' dir='ltr'><strong>materia</strong></span> 
     </span>
     <span class='ocr_line' id='line_1_26' title="bbox 323 3316 1346 3403; baseline 0.009 -25"><span class='ocrx_word' id='word_1_189' title='bbox 323 3316 553 3382; x_wconf 84' lang='lat' dir='ltr'><strong>munificentiae</strong></span> <span class='ocrx_word' id='word_1_190' title='bbox 584 3342 642 3402; x_wconf 90' lang='lat' dir='ltr'><strong>per</strong></span> <span class='ocrx_word' id='word_1_191' title='bbox 670 3322 754 3385; x_wconf 89' lang='lat' dir='ltr'><strong>bella</strong></span> <span class='ocrx_word' id='word_1_192' title='bbox 781 3335 813 3386; x_wconf 90' lang='lat' dir='ltr'><strong>et</strong></span> <span class='ocrx_word' id='word_1_193' title='bbox 840 3335 958 3403; x_wconf 73' lang='lat' dir='ltr'><strong>raptus.</strong></span> <span class='ocrx_word' id='word_1_194' title='bbox 1010 3322 1077 3389; x_wconf 90' lang='lat' dir='ltr'><strong>Nec</strong></span> <span class='ocrx_word' id='word_1_195' title='bbox 1107 3344 1197 3386; x_wconf 88' lang='lat' dir='ltr'><strong>arare</strong></span> <span class='ocrx_word' id='word_1_196' title='bbox 1227 3334 1346 3387; x_wconf 83' lang='lat' dir='ltr'><strong>terram</strong></span> 
     </span>
     <span class='ocr_line' id='line_1_27' title="bbox 323 3438 1347 3524; baseline 0.009 -29"><span class='ocrx_word' id='word_1_197' title='bbox 323 3442 378 3495; x_wconf 85' lang='lat' dir='ltr'><strong>aut</strong></span> <span class='ocrx_word' id='word_1_198' title='bbox 399 3446 578 3515; x_wconf 75' lang='lat' dir='ltr'><strong>exspectare</strong></span> <span class='ocrx_word' id='word_1_199' title='bbox 600 3456 719 3499; x_wconf 88' lang='lat' dir='ltr'><strong>annum</strong></span> <span class='ocrx_word' id='word_1_200' title='bbox 742 3449 806 3499; x_wconf 80' lang='lat' dir='ltr'><strong>tarn</strong></span> <span class='ocrx_word' id='word_1_201' title='bbox 830 3438 920 3500; x_wconf 83' lang='lat' dir='ltr'><strong>facila</strong></span> <span class='ocrx_word' id='word_1_202' title='bbox 941 3439 1149 3519; x_wconf 84' lang='lat' dir='ltr'><strong>peranaeeria,</strong></span> <span class='ocrx_word' id='word_1_203' title='bbox 1170 3460 1266 3524; x_wconf 85' lang='lat' dir='ltr'><strong>quam</strong></span> <span class='ocrx_word' id='word_1_204' title='bbox 1285 3462 1347 3504; x_wconf 77' lang='lat' dir='ltr'><strong>vo·</strong></span> 
     </span>
     <span class='ocr_line' id='line_1_28' title="bbox 323 3546 1346 3637; baseline 0.01 -26"><span class='ocrx_word' id='word_1_205' title='bbox 323 3564 393 3611; x_wconf 89' lang='lat' dir='ltr'><strong>care</strong></span> <span class='ocrx_word' id='word_1_206' title='bbox 408 3546 530 3610; x_wconf 82' lang='lat' dir='ltr'><strong>boetem</strong></span> <span class='ocrx_word' id='word_1_207' title='bbox 547 3559 578 3608; x_wconf 91' lang='lat' dir='ltr'><strong>et</strong></span> <span class='ocrx_word' id='word_1_208' title='bbox 590 3548 724 3611; x_wconf 84' lang='lat' dir='ltr'><strong>vulnera</strong></span> <span class='ocrx_word' id='word_1_209' title='bbox 739 3550 864 3614; x_wconf 83' lang='lat' dir='ltr'><strong>mereri.</strong></span> <span class='ocrx_word' id='word_1_210' title='bbox 899 3552 1024 3633; x_wconf 80' lang='lat' dir='ltr'><strong>pigrum</strong></span> <span class='ocrx_word' id='word_1_211' title='bbox 1040 3553 1119 3637; x_wconf 89' lang='lat' dir='ltr'><strong>quin</strong></span> <span class='ocrx_word' id='word_1_212' title='bbox 1134 3553 1199 3619; x_wconf 92' lang='lat' dir='ltr'><strong>imo</strong></span> <span class='ocrx_word' id='word_1_213' title='bbox 1213 3567 1246 3618; x_wconf 88' lang='lat' dir='ltr'><strong>et</strong></span> <span class='ocrx_word' id='word_1_214' title='bbox 1260 3557 1346 3621; x_wconf 78' lang='lat' dir='ltr'><strong>inere</strong></span> 
     </span>
     <span class='ocr_line' id='line_1_29' title="bbox 322 3656 1301 3751; baseline 0.012 -30"><span class='ocrx_word' id='word_1_215' title='bbox 322 3656 449 3723; x_wconf 82' lang='lat' dir='ltr'><strong>videtur</strong></span> <span class='ocrx_word' id='word_1_216' title='bbox 465 3656 580 3723; x_wconf 75' lang='lat' dir='ltr'><strong>rudore</strong></span> <span class='ocrx_word' id='word_1_217' title='bbox 603 3662 766 3745; x_wconf 86' lang='lat' dir='ltr'><strong>acquirere</strong></span> <span class='ocrx_word' id='word_1_218' title='bbox 786 3662 871 3747; x_wconf 88' lang='lat' dir='ltr'><strong>quod</strong></span> <span class='ocrx_word' id='word_1_219' title='bbox 891 3667 992 3747; x_wconf 86' lang='lat' dir='ltr'><strong>poeaia</strong></span> <span class='ocrx_word' id='word_1_220' title='bbox 1012 3669 1161 3747; x_wconf 85' lang='lat' dir='ltr'><strong>aanguine</strong></span> <span class='ocrx_word' id='word_1_221' title='bbox 1179 3690 1301 3751; x_wconf 82' lang='lat' dir='ltr'><strong>parare.</strong></span> 
     </span>
    </p>

    <p class='ocr_par' dir='ltr' id='par_1_6' title="bbox 276 3770 1348 4207">
     <span class='ocr_line' id='line_1_30' title="bbox 276 3770 1347 3862; baseline 0.012 -28"><span class='ocrx_word' id='word_1_222' title='bbox 276 3772 309 3826; x_wconf 75' lang='lat'><strong>1³</strong></span> <span class='ocrx_word' id='word_1_223' title='bbox 408 3770 561 3847; x_wconf 68' lang='lat' dir='ltr'><strong>Quotiens</strong></span> <span class='ocrx_word' id='word_1_224' title='bbox 581 3772 664 3835; x_wconf 85' lang='lat' dir='ltr'><strong>bella</strong></span> <span class='ocrx_word' id='word_1_225' title='bbox 686 3794 751 3837; x_wconf 89' lang='lat' dir='ltr'><strong>non</strong></span> <span class='ocrx_word' id='word_1_226' title='bbox 773 3775 901 3859; x_wconf 88' lang='lat' dir='ltr'><strong>ineunt,</strong></span> <span class='ocrx_word' id='word_1_227' title='bbox 928 3800 995 3841; x_wconf 89' lang='lat' dir='ltr'><strong>noa</strong></span> <span class='ocrx_word' id='word_1_228' title='bbox 1015 3781 1148 3844; x_wconf 89' lang='lat' dir='ltr'><strong>multum</strong></span> <span class='ocrx_word' id='word_1_229' title='bbox 1169 3783 1347 3862; x_wconf 67' lang='lat' dir='ltr'><strong>venatibus,</strong></span> 
     </span>
     <span class='ocr_line' id='line_1_31' title="bbox 322 3882 1348 3976; baseline 0.021 -36"><span class='ocrx_word' id='word_1_230' title='bbox 322 3882 392 3963; x_wconf 83' lang='lat' dir='ltr'><strong>plna</strong></span> <span class='ocrx_word' id='word_1_231' title='bbox 417 3904 475 3965; x_wconf 89' lang='lat' dir='ltr'><strong>per</strong></span> <span class='ocrx_word' id='word_1_232' title='bbox 498 3885 597 3949; x_wconf 88' lang='lat' dir='ltr'><strong>otium</strong></span> <span class='ocrx_word' id='word_1_233' title='bbox 618 3888 795 3968; x_wconf 76' lang='lat' dir='ltr'><strong>transigunt</strong></span> <span class='ocrx_word' id='word_1_234' title='bbox 816 3888 914 3953; x_wconf 89' lang='lat' dir='ltr'><strong>dediti</strong></span> <span class='ocrx_word' id='word_1_235' title='bbox 933 3911 1045 3954; x_wconf 75' lang='lat' dir='ltr'><strong>sonmo</strong></span> <span class='ocrx_word' id='word_1_236' title='bbox 1065 3893 1217 3976; x_wconf 87' lang='lat' dir='ltr'><strong>ciboque,</strong></span> <span class='ocrx_word' id='word_1_237' title='bbox 1238 3896 1348 3961; x_wconf 79' lang='lat' dir='ltr'><strong>fortia·</strong></span> 
     </span>
     <span class='ocr_line' id='line_1_32' title="bbox 322 3994 1348 4089; baseline 0.015 -30"><span class='ocrx_word' id='word_1_238' title='bbox 322 3994 418 4059; x_wconf 76' lang='lat' dir='ltr'><strong>timue</strong></span> <span class='ocrx_word' id='word_1_239' title='bbox 448 3999 582 4085; x_wconf 84' lang='lat' dir='ltr'><strong>quiaque</strong></span> <span class='ocrx_word' id='word_1_240' title='bbox 611 4024 646 4065; x_wconf 87' lang='lat' dir='ltr'><strong>ac</strong></span> <span class='ocrx_word' id='word_1_241' title='bbox 676 4004 927 4069; x_wconf 82' lang='lat' dir='ltr'><strong>bellicoaiaaimna</strong></span> <span class='ocrx_word' id='word_1_242' title='bbox 955 4005 1033 4066; x_wconf 90' lang='lat' dir='ltr'><strong>nibil</strong></span> <span class='ocrx_word' id='word_1_243' title='bbox 1062 4026 1173 4087; x_wconf 81' lang='lat' dir='ltr'><strong>agene,</strong></span> <span class='ocrx_word' id='word_1_244' title='bbox 1205 4007 1348 4089; x_wconf 82' lang='lat' dir='ltr'><strong>delegata</strong></span> 
     </span>
     <span class='ocr_line' id='line_1_33' title="bbox 322 4102 1347 4207; baseline 0.015 -36"><span class='ocrx_word' id='word_1_245' title='bbox 322 4102 434 4173; x_wconf 82' lang='lat' dir='ltr'><strong>domne</strong></span> <span class='ocrx_word' id='word_1_246' title='bbox 457 4122 488 4173; x_wconf 88' lang='lat' dir='ltr'><strong>et</strong></span> <span class='ocrx_word' id='word_1_247' title='bbox 508 4114 668 4193; x_wconf 85' lang='lat' dir='ltr'><strong>penatium</strong></span> <span class='ocrx_word' id='word_1_248' title='bbox 692 4126 722 4179; x_wconf 90' lang='lat' dir='ltr'><strong>et</strong></span> <span class='ocrx_word' id='word_1_249' title='bbox 743 4135 891 4195; x_wconf 71' lang='lat' dir='ltr'><strong>agrorum</strong></span> <span class='ocrx_word' id='word_1_250' title='bbox 911 4136 986 4179; x_wconf 86' lang='lat' dir='ltr'><strong>cura</strong></span> <span class='ocrx_word' id='word_1_251' title='bbox 1006 4116 1132 4185; x_wconf 81' lang='lat' dir='ltr'><strong>seminia</strong></span> <span class='ocrx_word' id='word_1_252' title='bbox 1151 4122 1347 4207; x_wconf 80' lang='lat' dir='ltr'><strong>eenibuaque</strong></span> 
     </span>
    </p>
   </div>
   <div class='ocr_carea' id='block_1_5' title="bbox 0 0 1491 4875">
    <p class='ocr_par' dir='ltr' id='par_1_7' title="bbox 0 0 1491 4875">
     <span class='ocr_line' id='line_1_34' title="bbox 0 0 1491 4875; baseline 0 0"><span class='ocrx_word' id='word_1_253' title='bbox 0 0 1491 4875; x_wconf 95' lang='lat' dir='ltr'><strong> </strong></span> 
     </span>
    </p>
   </div>
  </div>
 </body>
</html>
