2959 4875
335 473 378 537 38
678 466 741 534 EX
762 463 1015 534 ANNALIBUS

337 645 440 709 minus
458 641 649 708 miserabiles
672 661 767 724 quam
786 659 866 723 quos
883 638 982 702 bostis
1001 634 1215 701 circumsidetr
1237 637 1357 721 quippe

336 762 397 824 illis
422 759 514 825 etiam
538 761 687 822 honestae
707 757 818 818 mortis
838 773 929 833 usus,
951 755 1000 816 bis
1021 753 1191 833 inglorium
1213 749 1359 813 exitium.

336 877 411 941 Lux
431 873 567 940 reddidit
588 887 722 949 terram,
753 883 1015 954 penetratumque
1035 867 1075 932 ad
1097 889 1221 930 amnem
1241 868 1359 930 Visur-

335 988 457 1074 gim*),
486 1011 551 1074 quo
582 1011 687 1054 caesar
714 989 811 1052 classe
841 985 1055 1050 contenderat.
1097 984 1262 1066 impositae
1284 981 1359 1044 dein
1462 1028 1463 1055 ,

335 1106 483 1188 legiones,
502 1117 633 1186 uagante
654 1105 738 1167 lama
759 1105 947 1184 submersas,
967 1123 1026 1165 nec
1044 1099 1120 1165 fides
1139 1099 1248 1163 salutis
1269 1112 1359 1162 ante·

338 1241 434 1302 quam
456 1239 611 1282 caesarem
633 1219 868 1303 exercitumque
890 1217 1037 1281 reducem
1057 1215 1177 1282 ridere.

256 1347 318 1413 t‚tt
422 1331 490 1394 Jam
515 1330 682 1394 Stertinius
712 1327 752 1393 ad
781 1330 998 1414 accipiendum
1028 1329 1063 1391 in
1089 1327 1280 1392 deditionem
1302 1325 1361 1390 Se·

337 1447 507 1529 gimerum,
535 1450 664 1510 tranem
693 1447 826 1530 Segestis
857 1449 1046 1532 praemissus
1074 1447 1178 1528 ipsum
1203 1444 1361 1506 etlilium

339 1568 406 1642 ejus
434 1563 469 1626 in
501 1562 657 1626 civitatem
686 1562 843 1626 Ubiorum
874 1561 1077 1643 perduxerat.
1130 1545 1202 1620 data
1231 1558 1360 1640 utrique

339 1676 448 1755 venia,
477 1675 567 1738 facile
589 1675 768 1756 Segimero,
797 1674 992 1739 cunctantius
1012 1674 1097 1755 filio,
1119 1673 1194 1756 quia
1215 1671 1362 1750 Quintilii

338 1789 418 1851 Vari
441 1807 556 1870 corpus
577 1787 709 1852 illusisse
732 1786 903 1850 dicebatur.

253 1909 306 1974 ‘ab
423 1898 466 1983 (a.
487 1893 543 1986 16)
567 1897 714 1962 Ceterum
732 1897 862 1962 Tiberio
883 1896 970 1963 haud
990 1899 1147 1979 ingratum
1162 1897 1272 1964 accidit
1291 1909 1362 1960 tur·

340 2015 408 2079 bari
428 2035 479 2078 res
501 2011 649 2094 Orientis,
668 2027 704 2078 ut
726 2035 763 2078 ea
783 2017 885 2097 specie
907 2013 1127 2076 Germanicum
1149 2013 1244 2077 suetis
1263 2011 1362 2092 legio·

339 2131 433 2195 nibus
457 2133 669 2212 abstraheret,
699 2131 855 2213 nouisque
882 2129 1052 2213 prouinciis
1077 2131 1260 2213 impositum
1285 2126 1363 2191 dolo

339 2244 432 2307 simul
457 2256 489 2307 et
514 2245 636 2310 mribus
659 2246 839 2325 objectaret.
881 2247 923 2309 At
943 2246 1013 2324 ille,
1042 2258 1160 2329 quanto
1183 2243 1306 2308 acriora
1327 2245 1364 2307 in

340 2379 411 2421 eum
436 2357 539 2424 studia
564 2359 698 2421 militum
723 2371 755 2422 et
775 2379 885 2422 aversa
906 2362 1012 2444 patrui
1031 2362 1195 2442 uoluntas,
1224 2365 1363 2424 celeran-

342 2472 400 2536 dae
422 2473 571 2539 victoriae
592 2474 748 2538 intentior
767 2487 899 2539 tractare
920 2478 1115 2560 proeliorum
1136 2476 1203 2541 uias
1228 2488 1259 2538 et
1279 2496 1364 2559 quae
1465 2489 1466 2550 ξ

340 2591 401 2654 sibi
423 2591 551 2654 tertium
578 2595 642 2671 jam
668 2611 787 2654 annum
810 2592 1005 2673 belligeranti
1025 2612 1116 2656 saeva
1137 2593 1189 2656 vel
1210 2611 1366 2674 prospera

342 2703 527 2768 evenissent.
569 2704 661 2769 lundi
683 2704 858 2770 Germanos
886 2707 951 2770 acie
973 2720 1004 2770 et
1023 2705 1112 2785 justis
1136 2707 1230 2786 locis,
1257 2706 1365 2784 juvari

341 2819 444 2899 siluis,
475 2818 662 2903 paludibus,
692 2824 782 2888 brevi
811 2835 925 2886 aestate
954 2833 985 2884 et
1013 2832 1212 2903 praematura
1239 2820 1364 2882 hieme:

341 2955 433 2997 strum
456 2936 584 2999 militem
606 2933 691 2998 haud
712 2936 845 3017 perinde
866 2938 1052 3002 vulneribus
1073 2958 1168 3021 quam
1187 2936 1294 3019 spatiis
1312 2934 1365 2998 iti-

341 3066 461 3125 nerum,
487 3045 601 3108 damno
624 3067 785 3110 armorum
808 3048 906 3113 allici:
928 3050 1025 3112 fessas
1042 3050 1158 3115 Gallias
1181 3050 1365 3113 ministran-

342 3158 389 3224 dis
411 3160 518 3244 equis:
538 3162 666 3241 longum
691 3160 988 3244 impedimentorum
1012 3185 1121 3245 agmen
1147 3175 1366 3247 opportunum

342 3271 380 3335 ad
400 3272 538 3354 insidias,
560 3272 794 3338 defensantibus
815 3276 970 3358 iniquum.
1013 3289 1044 3340 at
1064 3275 1091 3340 si
1111 3298 1197 3339 mare
1217 3277 1365 3352 intretur,

341 3398 518 3467 promptam
538 3387 614 3466 ipsis
635 3389 864 3467 possessionem
886 3400 917 3449 et
939 3388 1081 3453 hostibus
1101 3393 1248 3470 ignotam,
1269 3387 1367 3451 simul

339 3498 459 3560 bellum
481 3498 634 3561 maturius
662 3498 760 3579 incipi
785 3499 987 3583 legionesque
1012 3515 1042 3567 et
1066 3516 1257 3567 commeatus
1278 3504 1367 3586 pari·

340 3620 389 3671 ter
409 3606 499 3673 vehi:
527 3606 682 3687 integrum
705 3608 841 3691 equitem
864 3630 1026 3694 equosque
1047 3632 1182 3695 perora
1203 3625 1235 3675 et
1257 3614 1365 3677 altem

341 3722 507 3788 {luminum
531 3718 633 3786 media
655 3719 689 3785 in
712 3718 881 3786 Germania
902 3723 981 3787 iore.

397 3977 422 4045 ⁶)
442 3979 577 4034 tectionem
603 3980 722 4035 codicum
748 3997 798 4035 uon
823 3985 895 4035 muto
918 3981 1034 4047 quamvls
1057 3980 1155 4039 lebam
1200 4000 1277 4039 nemo
1295 3987 1366 4041 enirn

344 4077 419 4131 tacite
436 4078 497 4133 mibi
516 4083 673 4150 persuaserit
693 4083 809 4136 Hunstun
828 4081 1005 4149 groninglcsm
1023 4082 1150 4138 Romanis
1176 4086 1226 4140 dict
1246 4086 1363 4156 potuisse

342 4174 487 4245 Unsingim,
506 4178 575 4245 quod
594 4179 707 4235 editores
725 4178 885 4234 recentiores
903 4179 958 4234 iere
976 4196 1065 4236 omnes
1082 4190 1245 4253 receperunt.
