2959 4875
472 401 536 471 EX
558 401 813 473 ANNALIBUS
1108 404 1152 475 61

124 582 186 643 bns
207 580 309 658 majus
336 596 377 638 ex
401 556 441 637 eo
464 574 566 640 ‹lecus'
585 580 768 661 sperabant,
802 578 830 641 si
853 600 963 662 pacem
987 580 1151 647 continua·

123 692 252 758 rissem.
293 691 445 752 Paulinus
465 689 635 772 Pompeius
650 704 689 755 *et
708 690 828 755 LucIus
847 691 949 757 Vetus
971 717 1008 759 ea
1028 708 1149 780 tempe-

122 816 201 867 state
226 801 377 866 exercitui
397 812 574 883 praeerant.
615 824 657 865 ne
680 814 787 867 tamen
808 794 933 887 segnem
952 809 1082 871 militem
1102 822 1149 871 at·

122 918 278 994 linerent,
308 917 362 977 ille
387 916 570 977 inchoatum
592 929 666 981 ente
684 928 749 979 tres
772 932 802 981 et
824 924 985 1002 sexaginta
1006 943 1106 989 annos
1128 946 1148 987 a

122 1036 233 1095 Druso
249 1019 391 1111 aggerem
413 1028 586 1093 coercendo
605 1031 719 1094 Rbeno
742 1035 886 1113 absoluit,
906 1036 1007 1099 Vetus
1028 1038 1148 1101 Mosel-

120 1148 184 1206 lam
212 1158 308 1229 atque
334 1145 480 1222 Ararim,
513 1147 594 1209 lacta
621 1146 705 1209 inter
732 1160 906 1231 utrumque*
931 1151 1037 1228 fossa,
1069 1170 1148 1214 con·

42 1281 46 1291 ’
121 1247 247 1320 nectere
265 1260 411 1339 parabat,
432 1270 470 1319 nt
494 1248 603 1340 copiae
619 1248 687 1342 'per
706 1282 811 1340 mare,
843 1249 916 1325 dein
936 1262 1093 1328 Rhodano
1115 1278 1145 1329 et

121 1372 221 1434 Arare
246 1358 416 1436 subvectae
443 1391 503 1453 per
530 1391 598 1434 eam
625 1374 759 1453 iussam,
792 1396 868 1440 mox
888 1362 986 1439 fluvio
1011 1377 1146 1440 Mosella

120 1488 154 1549 in
177 1476 344 1567 Rhenum,
373 1486 447 1547 exin
470 1506 625 1550 oceanum
651 1470 854 1553 decurrerent
879 1482 1071 1575 sublatisque
1092 1492 1144 1553 iti·

119 1601 204 1661 neris
225 1597 458 1662 difficultatibus
476 1601 665 1681 navigabilia
682 1603 767 1664 inter
783 1622 816 1667 se
836 1590 1003 1667 occidentis
1018 1617 1144 1686 septon-

120 1716 294 1797 triouisque
321 1714 416 1775 litora
440 1712 563 1776 fierent.
610 1713 849 1797 inridit·'operi
874 1718 983 1779 Aelius
1012 1705 1143 1780 Gracilis

119 1816 419 1909 Belgicae'legatus,
434 1816 635 1890 «taumate
660 1816 810 1892 Veterem
832 1850 872 1891 ue
899 1821 1050 1911 legiones·
1065 1831 1143 1893 alie·
1166 1826 1182 1855 ’·
1233 1854 1237 1865 ·

118 1931 180 2006 nae
201 1932 388 2025 'prouinciae
413 1931 547 2005 interret
576 1942 742 2026 studiaque
773 1930 946 2007 Galliarum
975 1947 1144 2020 affectaret,

120 2058 362 2123 formidolosum
389 2049 427 2120 id'
453 2041 638 2141 inperatori
667 2045 829 2139 dictitans,
863 2044 934 2141 quo'
956 2060 1142 2140 plenamque

117 2172 331 2255 prohibentur
354 2185 483 2236 conatus
505 2172 641 2237 bonesti.

206 2280 352 2348 Getarum
385 2290 536 2351 confinuo
572 2280 768 2350 excercituum
803 2287 868 2350 otio
899 2286 985 2351 lama
1011 2276 1144 2349 *incessit
1162 2306 1248 2372 1³,54

120 2409 264 2483 ereptum
293 2404 343 2479 jus
371 2400 479 2481 legatis
509 2396 645 2466 ducendi
674 2402 709 2465 in
738 2402 872 2465 hostem.
922 2420 1022 2484 eoque
1049 2400 1143 2464 Frisii

118 2517 312 2590 juventutem
332 2515 462 2576 saltibus
482 2527 537 2577 aut
557 2511 737 2597 paludibus,
758 2509 917 2577 imbellem
936 2527 1067 2576 aetatem
1084 2535 1142 2596 per

117 2629 204 2690 lacus
232 2626 400 2692 admovere
424 2629 513 2712 ripae
541 2650 695 2713 agrosque
709 2623 833 2693 ⁴vacuus
855 2642 887 2690 et
911 2630 1045 2692 militum
1068 2631 1142 2693 ueni

117 2745 270 2824 sepositos
288 2740 434 2804 insedere
453 2754 580 2807 auctore
600 2743 732 2806 Verrito
754 2755 784 2806 et
803 2735 977 2822 Malorige,
1007 2744 1063 2825 qui
1083 2764 1141 2804 na·

116 2855 236 2918 tionem
263 2876 333 2921 eam
358 2859 524 2937 regebant,
554 2856 589 2918 in
611 2869 764 2940 qnantum
788 2847 938 2917 Germani
959 2868 1141 2935 regnantur.

116 2967 248 3052 Jamque
271 2970 408 3033 fixerant
428 2967 557 3048 domes,
588 2970 707 3032 semine
724 2968 820 3032 arvis
844 2959 1017 3032 intulerant
1042 2982 1140 3052 utque

117 3083 256 3163 patrium
272 3083 375 3147 solum
393 3087 591 3162 exercebant,
613 3105 713 3168 quum
728 3084 855 3146 Dubius
873 3085 993 3160 Avitus,
1014 3077 1140 3166 accepta

117 3221 136 3260 a
155 3200 291 3262 Paulino
311 3199 485 3282 provincia,
506 3197 682 3264 minitando
702 3199 767 3261 vim
789 3211 963 3271 romanam,
985 3196 1046 3258 nisi
1068 3197 1140 3258 abs·

118 3308 264 3373 moment
278 3311 385 3375 ⁴Frisii
413 3326 535 3375 veteres
561 3312 596 3373 in
627 3313 715 3374 locos
751 3321 805 3372 aut
838 3327 956 3375 nouam
985 3307 1091 3372 sedem
1121 3330 1141 3371 a

118 3443 241 3488 caesam
272 3427 494 3507 impetrarent,
529 3427 670 3509 perpulit
697 3423 861 3488 Verritum
892 3419 924 3486 et
953 3423 1141 3504 Malorigem

115 3558 227 3618 preces
253 3542 424 3622 suscipere.
470 3539 667 3626 profectique
694 3541 829 3604 Romam
856 3535 932 3600 dum
960 3538 1029 3600 aliis
1058 3537 1141 3598 curis

115 3649 272 3713 intentum
293 3652 454 3716 Neronem
475 3653 701 3738 opperiuntur,
731 3653 815 3715 inter
835 3671 872 3714 ea
894 3671 974 3733 quae
996 3647 1139 3711 barbaris

116 3776 318 3830 ostentantur
335 3769 494 3834 inuasere
515 3763 844 3852 Pompeji'tlieatrum,
866 3783 930 3848 quo
952 3759 1141 3843 magnitudi-

114 3902 191 3945 nem
210 3886 325 3966 populi
344 3886 492 3951 viserent.
532 3886 601 3949 Illic
623 3903 683 3966 per
704 3883 804 3946 otium
832 3876 950 3964 (neque
980 3878 1064 3941 enim
1091 3880 1142 3940 lu-

116 3997 213 4061 dicris
231 3999 334 4080 ignari
354 3994 606 4084 oblectabantur)
630 3993 714 4061 ‹lum'
727 4015 908 4060 consessum
926 4015 1058 4071 caveae,
1080 3992 1144 4057 dis·

114 4112 250 4177 crimina
272 4111 438 4194 ordinum,
459 4117 516 4200 qni
535 4133 649 4207 eques,
669 4113 727 4177 ubi
748 4122 873 4176 senatus
889 4121 1146 4194 percunctantur,
