2959 4875
328 604 395 668 Nec
414 599 469 663 diu
491 610 652 663 conmotus
673 596 877 663 Hordeonius
899 596 1026 661 nomine
1047 595 1236 679 Vespasiani
1258 596 1364 664 dedit.

328 715 425 799 idque
447 714 651 797 praecipuum
682 710 845 775 seditionis
872 711 933 773 luit
962 710 1155 777 alimentum·
1198 714 1293 777 effusi
1323 714 1362 775 in

328 834 440 894 luxum
470 843 502 891 et
528 830 635 911 epulas
664 839 697 891 et
723 840 896 891 nocutrnos
927 839 1034 888 coetus
1055 840 1191 889 veterem
1211 828 1246 889 in
1268 826 1361 889 Hor-

330 944 478 1008 deonium
509 945 590 1005 iram
617 956 791 1020 renouant,
821 940 878 1003 n'ec
907 943 972 1005 ullo
1003 938 1177 1022 legatorum
1206 943 1359 1005 tribuno·

329 1079 440 1123 rumve
469 1058 625 1121 ¹obsistere
662 1079 739 1122 auso
777 1054 909 1142 (quippe
942 1078 1067 1121 omnem
1099 1054 1253 1141 pudorem
1287 1079 1356 1122 uox

330 1166 502 1254 ademerat)
531 1183 725 1251 protractum
753 1192 771 1233 e
801 1171 897 1233 cubili
924 1170 1122 1234 interficiunt.
1171 1169 1290 1233 Eadem
1317 1172 1355 1233 in

327 424 371 493 st
673 419 733 489 ax
757 417 995 489 ntsroans

1464 1154 1465 1195 l

1464 1206 1465 1293 l

328 1289 484 1350 Voculam
508 1287 719 1368 parabantur,
754 1288 815 1348 uisi
847 1288 955 1351 servili
979 1287 1090 1350 babitu
1120 1308 1179 1369 per
1207 1289 1354 1349 tenebras

328 1404 488 1482 ignoratus
524 1400 680 1463 evasisset.
736 1397 793 1460 ubi
826 1397 934 1461 sedato
967 1396 1086 1481 impetu
1115 1412 1217 1461 metue
1249 1397 1354 1477 rediit,

330 1516 528 1581 centuriones
551 1536 622 1577 cum
646 1512 787 1596 epistolis
815 1513 856 1577 ad
883 1514 1022 1580 civitates
1045 1514 1219 1577 Galliarum
1239 1514 1354 1575 misere

330 1629 448 1695 auxilia
468 1653 504 1692 ac
524 1626 680 1709 stipendia
701 1632 857 1692 oraturos.

245 1754 315 1819 tat
414 1743 495 1824 Ipsi,
516 1754 552 1802 ut
572 1751 619 1801 'est
640 1744 752 1820 vulgus
773 1740 841 1802 sine
864 1748 985 1803 rectore
1006 1760 1170 1823 praeceps,
1190 1738 1356 1822 pavidum,
1464 1776 1465 1789 κ

329 1874 446 1932 socors,
473 1853 660 1916 adventante
676 1851 795 1931 Civile,
818 1854 917 1933 raptis
938 1858 1057 1915 temere
1077 1854 1169 1915 armis
1182 1856 1225 1917 'ac
1246 1854 1355 1916 statim
1464 1896 1465 1903 κ

330 1967 453 2030 entissis
483 1968 518 2029 in
547 1968 664 2048 fugam.
684 1980 861 2031 vertuntur.
909 1968 971 2031 Res
994 1967 1142 2034 adversae
1164 1967 1355 2033 discordiam

328 2104 481 2164 peperere
499 2082 538 2145 iis
555 2084 612 2165 qui
629 2103 646 2144 e
666 2084 830 2164 superiore
852 2081 992 2145 exercitu
1011 2095 1108 2145 erant.
1120 2090 1245 2146 causam*
1264 2104 1356 2145 suem

331 2196 581 2261 dissociantibus.
621 2198 742 2259 Vitellii
762 2210 866 2261 tamen
889 2197 1039 2278 imagines
1060 2199 1094 2259 in
1120 2198 1227 2259 castris
1245 2211 1276 2260 et
1294 2218 1355 2279 per
1464 2246 1465 2251 1

329 2312 490 2392 proximae
520 2313 689 2389 Belgarum
719 2310 859 2375 civitates
886 2312 1060 2392 repositae,
1088 2332 1186 2393 quarm
1211 2316 1272 2389 jam
1294 2311 1355 2373 Vi·
1464 2380 1465 2385 ἵ

328 2425 432 2489 tollius
454 2423 624 2488 occidisset.
667 2422 742 2486 dein
764 2426 876 2487 mutati
898 2425 932 2487 in
960 2426 1184 2508 poenitentiam
1212 2426 1355 2508 primani
1464 2491 1465 2498 χ

329 2543 539 2625 quartanique
556 2555 587 2603 et
603 2540 880 2604 duoetvicesimani
894 2543 1047 2604 Voculam
1066 2551 1249 2625 sequuntur,
1267 2541 1356 2624 apud

330 2676 424 2738 quem
454 2669 616 2737 resumpto
642 2656 830 2736 Vespasiani
861 2669 1054 2718 sacramento
1083 2656 1123 2718 ad
1154 2656 1355 2720 liberandum

329 2771 519 2850 Mogontiaci
540 2769 697 2833 obsidium
720 2768 924 2834 ducebantur.
974 2772 1191 2834 Discesserant
1210 2773 1355 2835 obsesso·
1464 2841 1465 2846 γ

329 2908 397 2963 res,
420 2890 537 2948 mixtus
560 2909 600 2949 ex
623 2887 759 2965 Chattis,
779 2886 903 2967 Usipis,
931 2887 1087 2948 Mattiacis
1110 2887 1282 2964 exercitus,
1304 2909 1355 2950 ea-
1464 2909 1465 2916 ¹

329 3001 435 3060 tietete
454 2998 588 3079 praedae
609 3021 666 3060 nec
683 3001 851 3061 incruenti.
892 3000 927 3060 in
945 3001 997 3064 via
1016 2998 1171 3082 dispersos
1188 3017 1219 3065 et
1232 3003 1356 3066 nescios

330 3118 419 3177 miles
441 3128 549 3177 noster
569 3116 736 3178 invaserat.
784 3113 868 3190 Quin
892 3128 923 3176 et
943 3115 1074 3178 loricam
1096 3120 1274 3203 vallumque
1295 3143 1357 3202 per
1464 3201 1465 3206 η

328 3229 407 3291 fines
429 3233 503 3292 suos
525 3231 658 3293 Tre‘v'eri
679 3243 822 3292 struxere
846 3230 1028 3312 magnisque
1056 3231 1190 3296 invicem
1213 3233 1355 3298 cladibus

328 3363 401 3403 cum
430 3343 613 3404 Gemnanis·
629 3345 805 3418 certabant,
837 3339 938 3403 donec
958 3345 1082 3423 egregia
1105 3365 1175 3426 erga
1194 3349 1356 3427 populum

328 3436 498 3518 romanum
518 3459 627 3518 merita
648 3466 725 3517 mox
745 3457 877 3518 rebelles
898 3456 1074 3521 foedarent.

247 3589 318 3654 4‚54
415 3565 462 3655 (a.⁴
481 3563 537 3651 70)
566 3567 682 3631 Audita
709 3569 835 3630 interim
868 3591 927 3650 per
957 3570 1075 3634 Gallias
1107 3572 1356 3658 Germaniasque

332 3706 416 3747 mors
444 3685 565 3747 Vitellii
592 3682 805 3765 duplicaverat
831 3686 960 3750 bellum.
1001 3707 1074 3749 nam
1102 3687 1209 3750 Civilis
1239 3689 1358 3752 omissa
1464 3737 1465 3746 ,

331 3798 576 3862 dissimulatione
603 3800 638 3860 in
665 3800 818 3880 populum
841 3819 1009 3861 romanum
1035 3819 1149 3876 ruere,
1177 3801 1355 3864 vitellianae
1464 3809 1465 3864 l

330 3912 469 3992 legiones
491 3916 543 3975 vel
563 3924 731 3976 externum
752 3915 913 3978 seruitium
935 3935 1028 3998 mam
1049 3917 1271 3995 imperatorem
1289 3915 1356 3977 Ve-
1464 3891 1465 3898 ἵ

331 4027 511 4104 spasiauum
542 4029 644 4088 malle.
702 4027 786 4089 Gelli
818 4030 1009 4090 sustulerant
1044 4028 1184 4106 nnintos,
1222 4025 1357 4091 eandem

333 4139 450 4219 ubique
482 4142 675 4203 exercituum
709 4153 891 4206 nostrorum
922 4144 1081 4206 fortunam
1114 4143 1191 4222 reti,
1227 4145 1356 4224 vulgato
