2959 4875
330 431 372 496 30
664 427 725 496 EX
750 425 1003 496 ANNALIBUS

329 603 413 667 ‘Non
433 603 484 666 hic
505 603 583 665 mihi
603 601 723 685 primus
754 622 826 683 erga
854 602 1009 683 populum
1033 621 1201 664 romanum
1220 598 1296 664 fidei
1318 614 1351 665 et

330 719 520 783 constantiae
537 716 612 781 dies.
655 739 695 780 ex
710 738 774 801 quo
791 739 810 779 a
828 716 901 781 divo
918 718 1058 798 Augusto
1075 716 1198 780 civitate
1213 715 1351 780 donatus

329 855 415 913 sarna,
448 837 563 898 amicos
593 836 798 916 inimicosque
821 855 861 896 ex
881 835 992 900 vestris
1023 832 1208 896 utilitatibus
1239 829 1352 912 delegi,

328 975 431 1036 neque
447 952 520 1016 odio
534 952 652 1035 patriae
668 949 798 1037 (quippe
813 949 990 1033 proditores
1006 953 1098 1014 etiam
1109 952 1147 1013 iis
1165 971 1244 1033 quos
1259 964 1349 1012 ante-

327 1079 451 1149 ponunt
474 1066 567 1131 invisi
596 1061 682 1145 sunt)
710 1085 821 1128 verum
851 1066 925 1148 quia
945 1064 1095 1128 Romanis
1120 1063 1350 1146 Germanisque

327 1180 411 1243 idem
428 1177 601 1244 conducere
621 1192 651 1240 et
667 1200 776 1259 pacem
795 1200 890 1266 quam
908 1180 1025 1240 bellum
1043 1180 1229 1260 probabam.
1272 1199 1348 1259 ergo

327 1306 486 1374 raptorem
507 1293 588 1355 filiae
610 1313 713 1371 meae,
741 1294 928 1355 violatorem
950 1291 1087 1355 foederis
1107 1292 1219 1372 vestri,
1241 1292 1349 1356 Armi·

328 1407 427 1485 nium,
449 1405 533 1489 apud
554 1406 675 1469 Varum
697 1407 841 1490 quitum
864 1407 1016 1468 exercitui
1038 1405 1235 1487 praesidebat
1254 1428 1348 1469 reum

328 1521 397 1585 leci.
439 1519 552 1583 dilatus
572 1521 700 1600 segnitia
722 1517 827 1597 ducis,
849 1521 924 1603 quia
945 1541 1057 1601 parum
1078 1519 1227 1602 praesidii
1247 1522 1282 1582 in
1300 1523 1349 1581 le·

327 1637 417 1714 gibus
441 1646 520 1711 erat,
540 1646 575 1695 ut
596 1656 645 1696 me
671 1646 702 1695 et
722 1633 901 1694 Arminium
923 1645 956 1694 et
975 1634 1114 1696 conscios
1135 1634 1267 1699 vinciret
1288 1632 1347 1697 fla·

326 1751 429 1829 gitavi.
471 1752 557 1812 testis
584 1751 637 1810 illa
664 1771 747 1826 uox,
778 1749 857 1810 mihi
883 1749 1004 1810 utinam
1031 1749 1137 1830 potius
1166 1747 1348 1813 novissima.

327 1885 408 1946 quae
436 1875 543 1925 secuta
572 1873 645 1924 sunt
671 1860 782 1924 defleri
807 1863 904 1941 magis
935 1883 1029 1944 quam
1056 1861 1183 1926 delendi
1204 1877 1351 1944 possunt.

327 1987 465 2038 ceterum
494 1989 525 2037 et
551 1975 646 2053 injeci
674 1987 798 2037 catenas
819 1975 981 2053 Arminio,
1013 1988 1045 2038 et
1072 1999 1092 2038 a
1115 1976 1251 2040 factione
1279 1983 1347 2056 ejus

325 2093 451 2173 injectas
480 2111 647 2174 perpessus
675 2113 755 2153 sum.
805 2092 908 2174 Atque
930 2090 986 2154 ubi
1007 2091 1145 2172 primum
1171 2091 1219 2153 tui
1247 2091 1348 2172 copia,

324 2219 430 2271 vetera
459 2205 549 2269 novis
580 2218 610 2266 et
640 2206 745 2286 quieta
772 2205 908 2268 turbidis
940 2207 1133 2283 antehabeo,
1170 2229 1273 2290 neque
1303 2211 1347 2270 ob

324 2319 515 2402 praemium,
550 2316 604 2380 sed
628 2330 665 2378 ut
691 2337 740 2378 me
770 2317 902 2398 perfidia
930 2321 1109 2396 exsolvam,
1142 2321 1236 2381 simul
1262 2321 1349 2400 genti

326 2430 711 2501 Germanorumidoneus
737 2431 937 2509 conciliator,
959 2433 986 2492 si
1006 2433 1229 2514 poenitentiam
1251 2456 1350 2517 quam

324 2550 494 2630 perniciem
520 2547 681 2625 maluerit,
715 2567 774 2628 pro
799 2553 926 2625 juventa
957 2562 988 2610 et
1014 2568 1121 2609 errore
1144 2548 1202 2611 filii
1222 2551 1349 2613 veniam

324 2684 456 2747 precor:
487 2664 583 2725 filiam
611 2663 793 2725 necessitate
822 2666 884 2725 huc
912 2661 1078 2725 adductam
1102 2664 1213 2724 fateor.
1256 2675 1349 2725 tuum

325 2778 385 2841 erit
402 2781 578 2842 consultare
599 2791 706 2841 utrum
727 2781 915 2860 praevaleat,
937 2776 1022 2861 quod
1045 2799 1086 2839 ex
1105 2777 1250 2839 Arminio
1271 2798 1349 2840 con·

326 2892 408 2971 cepit
431 2914 470 2954 an
494 2890 579 2974 quod
609 2914 650 2953 ex
674 2914 724 2953 me
746 2893 849 2969 genita
873 2892 937 2953 est)
988 2888 1104 2954 Caesar
1125 2892 1269 2955 clementi
1295 2912 1349 2955 re·

324 3024 441 3084 sponso
470 3004 577 3067 liberis
608 3003 857 3084 propinquisque
891 3008 956 3082 ejus
988 3005 1251 3084 incolumitatem,
1285 3007 1349 3087 ipsi

324 3113 430 3178 aedem
447 3128 552 3180 vetere
571 3116 603 3177 in
625 3116 788 3197 provincia
806 3116 980 3198 pollicetur.
1020 3118 1203 3183 Exercitum
1218 3118 1349 3181 reduxit

302 3250 502 3314 ¹nomenque
531 3228 728 3312 imperatoris
755 3242 881 3293 auctore
905 3231 1035 3294 Tiberio
1066 3206 1200 3315 accepit..
1239 3233 1348 3295 Armi-

323 3342 369 3404 nii
396 3364 480 3405 uxor
500 3347 600 3407 vuilla
628 3366 722 3406 sexus
748 3344 877 3425 stirpem
904 3343 1017 3408 edidit:
1048 3345 1196 3409 educatus
1219 3345 1348 3409 Raven-

323 3476 383 3517 nae
402 3477 485 3537 puer
506 3478 569 3539 quo
594 3479 669 3520 mox
691 3456 831 3521 ludibrio
857 3459 1051 3523 conflictatus
1078 3462 1177 3525 sitin
1202 3473 1346 3543 tempore
1371 3485 1375 3491 ’

322 3569 515 3634 memorabo.

239 3684 308 3748 ¹2⁵⁹
409 3688 506 3751 Fama
536 3683 632 3748 dediti
661 3687 860 3773 benigneque
890 3691 1012 3773 excepti
1041 3689 1176 3770 Segestis
1208 3691 1346 3769 vulgata,

324 3809 360 3860 ut
380 3801 557 3883 quibusque
579 3800 698 3863 bellum
722 3802 828 3865 invitis
854 3816 908 3867 aut
942 3806 1139 3886 cupientibus
1170 3816 1255 3883 erat,
1288 3822 1346 3884 spe

321 3913 373 3977 vel
400 3910 508 3976 dolore
537 3916 698 3999 accipitur.
747 3917 924 3980 Arminium
954 3937 1050 3996 super
1073 3917 1200 3979 insitam
1221 3915 1347 3980 violen-

320 4025 397 4087 tiam
416 4039 506 4107 rapta
526 4046 618 4106 uxor,
640 4030 797 4107 subjectus
818 4029 946 4093 servitio
972 4027 1082 4089 uxoris
1101 4039 1209 4091 uterus
1231 4048 1348 4092 vecor-

322 4135 393 4200 dem
418 4140 565 4219 agebant,
596 4139 810 4225 volitabatque
837 4162 895 4221 per
917 4138 1091 4204 Cheruscos
1122 4160 1208 4203 arma
1230 4140 1263 4201 in
1286 4138 1346 4202 Se·
