2959 4875
409 338 454 450 ,¹³
477 338 582 408 vrrs
603 300 869 411 leuucomn¹
1100 343 1160 409 121

370 712 567 788 nfvrra
598 709 936 789 acaronita.
976 650 979 655 ¹

228 960 321 1023 Hanc
350 980 440 1023 oram
467 960 631 1027 novissimi
655 960 751 1025 nauis
779 972 855 1024 tune
875 957 1016 1043 primum
1034 977 1165 1021 romana
1179 961 1215 1013 1⁰

143 1073 251 1137 classis
275 1073 479 1139 circumvecta
501 1074 637 1139 insulam
666 1094 734 1139 esse
763 1074 960 1143 Britanniam
989 1072 1167 1149 affirmavit,

144 1208 181 1248 ac
200 1188 296 1250 simul
316 1188 489 1269 incognitas
513 1189 553 1253 ad
577 1190 612 1253 id
639 1204 763 1273 tempus
786 1192 905 1255 insulas
927 1210 1006 1275 quas
1028 1186 1166 1255 Orcadas

143 1314 260 1364 vocant
279 1302 401 1367 invenit
430 1304 623 1391 domuitque.
665 1305 803 1390 dispecta
830 1320 877 1370 est
897 1319 929 1369 et
948 1306 1050 1387 Thyle
1072 1324 1167 1386 quam

143 1417 297 1477 hactenus
316 1418 374 1479 nix
395 1432 427 1481 et
451 1421 551 1483 hiems
580 1424 767 1503 appetebat:
800 1419 856 1484 sed
874 1441 963 1495 mare
989 1417 1114 1499 pigrum
1135 1428 1167 1479 et

142 1551 240 1608 grave
261 1531 485 1613 remigantibus
508 1536 678 1619 perhibent
697 1558 739 1603 ne
759 1536 861 1602 ventis
882 1532 1011 1619 quidem
1031 1528 1166 1614 proinde

141 1646 257 1712 attolli.

232 1760 380 1825 Ceterum
405 1762 603 1828 Britanniam
624 1762 681 1847 qui
707 1762 859 1843 mortales
886 1758 977 1837 initio
1004 1758 1166 1837 coluerint,
1179 1771 1214 1823 11

143 1871 310 1953 indigenae
331 1896 372 1937 an
394 1873 524 1953 advecti,
549 1889 586 1939 ut
605 1876 690 1941 iuter
703 1877 873 1952 barbaros,
891 1894 1004 1955 parum
1025 1894 1168 1956 comper-

143 2001 224 2050 tum.
279 1989 405 2053 habitus
434 2011 606 2073 corporum
633 1988 714 2058 varii
735 2001 830 2073 atque
852 2010 892 2050 ex
915 2000 1167 2069 eo.argumenta.

143 2122 284 2185 namque
309 2106 423 2167 rutilae
451 2104 654 2169 Caledoniam
681 2103 890 2168 habitantium
911 2124 1035 2184 comae,
1062 2103 1168 2185 magni

142 2228 234 2279 artus
253 2219 462 2297 germanicam
482 2219 638 2301 originem
658 2231 847 2283 asseverant.
905 2274 919 2293 ,,
955 2290 958 2297 ,
999 2290 1002 2297 ⁴

230 2330 276 2393 sic
297 2330 482 2394 Germanias
510 2333 683 2397 excussisse
710 2339 837 2415 jugum:
869 2344 900 2397 et
915 2330 1071 2413 ¹flumine,
1102 2351 1166 2396 non
1183 2352 1218 2403 la

142 2465 265 2508 oceano
288 2443 426 2510 defendi.

233 2556 277 2643 (a.
298 2556 353 2641 83)
384 2556 502 2621 Eadem
527 2569 641 2620 aestate
670 2558 784 2620 cohors
805 2555 977 2638 Usiporum
1005 2576 1063 2648 per
1090 2553 1169 2646 Gen
1182 2564 1219 2614 ae

146 2671 268 2736 ananim
289 2673 466 2756 conscripta
491 2685 523 2736 et
548 2673 585 2736 in
603 2673 800 2737 Britanniam
821 2670 1002 2749 transmissa
1021 2690 1171 2749 magnum

146 2809 185 2849 ac
213 2789 417 2852 memorabile
445 2789 567 2853 facinus
595 2810 673 2854 ansa
700 2800 758 2852 est.
807 2788 909 2872 occiso
930 2783 1112 2854 centurione
1134 2806 1169 2846 ac

142 2899 300 2972 ¹militibus
321 2900 379 2984 qui
405 2901 446 2965 ad
468 2901 654 2965 tradendam
681 2898 880 2986 disciplinam
905 2899 1051 2990 immixti*
1069 2899 1170 2962 mani-

147 3015 233 3096 pulis
253 3018 433 3098 exemplum
455 3029 487 3106 et
506 3031 645 3080 rectores
666 3019 883 3093 habebantur,
912 3027 977 3078 tres
999 3011 1170 3077 liburnicas

148 3125 267 3190 adactis
287 3130 429 3210 pervim
449 3129 711 3210 gubernatoribus
732 3127 917 3208 ascendere,
937 3141 968 3190 et
988 3148 1054 3190 uno
1075 3125 1171 3188 remi-

147 3254 260 3322 ganta,
286 3244 437 3325 suspectis
457 3241 583 3306 duobus
605 3263 707 3326 eoque
727 3242 916 3320 interfectis,
938 3239 1081 3304 nondum
1100 3241 1173 3306 vul·

148 3369 222 3436 gato
250 3379 380 3421 rumore
407 3371 443 3421 ut
469 3357 658 3440 miraculum
686 3355 968 3439 praevshebantur.
1009 3375 1086 3424 mox
1112 3353 1171 3415 hac

150 3481 247 3553 atque
273 3471 329 3532 illa
355 3473 439 3552 rapti
466 3483 499 3532 et
519 3492 591 3533 cum
610 3470 771 3554 plerisque
792 3471 1019 3556 Britannorum
1040 3489 1097 3530 sua
1118 3467 1173 3528 de-

149 3584 342 3658 fensantium
358 3583 481 3667 proelio
499 3584 656 3662 congressi
675 3605 712 3645 ac
729 3603 822 3665 saepe
837 3585 981 3664 victores,
1003 3577 1172 3662 aliquando
1189 3649 1191 3657 Ι

151 3703 252 3784 pulsi,
273 3722 312 3764 eo
333 3700 373 3763 ad
396 3711 571 3772 extremum
591 3698 719 3781 inopiae
742 3717 868 3780 venare,
890 3710 925 3760 ut
945 3695 1173 3776 infirmissimos

151 3833 284 3878 suorum
311 3834 390 3877 mox
417 3825 502 3876 sorte
532 3811 642 3877 ductos
668 3825 878 3878 vescerentur.
920 3823 1014 3894 atque
1040 3810 1173 3873 circum·

151 3931 233 3994 vecti
253 3927 469 4006 Britanniam,
489 3925 610 3990 amissis
630 3948 689 4008 per
711 3924 865 3990 inscitiam
882 3922 1011 4006 regendi
1029 3922 1173 3998 navibus,

152 4066 212 4126 pro
233 4041 447 4125 praedonibus
468 4040 567 4111 habiti
588 4039 727 4124 primum
748 4063 766 4102 a
787 4039 909 4121 Suevis,
925 4061 1002 4108 mox
1023 4061 1041 4104 a
1063 4038 1172 4104 Frisiis
