2959 4875
453 440 515 510 EX
538 439 792 510 ANNALIBUS
1089 444 1133 511 35

107 621 203 682 latera
224 615 384 694 legiones,
416 623 503 675 metu
527 633 568 675 au
593 612 804 692 contumacia,
836 615 942 678 locum
967 613 1132 678 deseruere

109 743 196 812 capto
229 748 367 810 propere
403 747 513 809 campo
548 728 709 793 humentia
738 729 832 792 ultra.
884 727 998 812 Neque
1027 742 1131 793 tamen

109 841 286 919 Arminius,
320 859 501 922 quanquam
530 838 631 904 libero
659 840 808 921 incursu,
837 841 941 905 statim
966 845 1131 927 prorupit:

108 956 160 1022 sed
192 968 229 1019 ut
259 957 388 1018 haesere
421 972 519 1016 coeno
555 955 711 1039 fossisque
742 952 984 1038 impedimenta,
1014 957 1133 1018 turbati

108 1071 225 1134 circum
248 1069 376 1146 milites,
406 1067 546 1132 incertus
574 1071 737 1151 signorum
766 1066 862 1148 ordo,
893 1081 992 1152 utque
1018 1071 1073 1132 tali
1099 1070 1133 1132 iu

107 1196 268 1264 tempere,
290 1181 350 1244 sibi
372 1181 506 1264 quisque
529 1202 688 1264 properus
710 1194 741 1244 et
761 1183 864 1244 lentae
885 1180 1053 1246 adversum
1072 1182 1132 1244 im·

107 1297 196 1379 peria
224 1315 341 1372 aures,
363 1294 542 1380 irrumpere
571 1296 746 1361 Germanos
773 1298 864 1376 jubet
892 1295 1053 1360 clamitans
1082 1300 1133 1360 ‘en

107 1411 213 1472 Varus
243 1419 275 1472 et
303 1407 478 1492 eodemque
506 1411 620 1473 iterum
650 1410 717 1474 satu
739 1411 862 1474 vinctae
884 1410 1042 1490 legionesi
1084 1410 1134 1474 Si·

106 1525 173 1586 mul
195 1524 274 1586 haec
294 1534 414 1584 etcum
436 1521 562 1587 delectis
583 1519 696 1586 scindit
716 1543 838 1603 agmen,
859 1524 1012 1607 equisque
1029 1523 1133 1587 maxi·

106 1661 157 1702 me
181 1639 316 1704 vulnera
343 1635 466 1718 ingerit.
515 1637 562 1700 illi
583 1639 734 1719 sauguine
757 1659 815 1702 suu
838 1650 870 1700 et
894 1639 1018 1702 lubrico
1042 1642 1134 1722 palu·

108 1752 184 1816 dum
206 1753 364 1834 lapsantes
387 1750 526 1814 excussis
546 1754 723 1816 rectoribus
745 1751 892 1832 disjicere·
908 1753 1037 1833 obvius,
1056 1775 1133 1838 pro·

108 1878 210 1928 terere
231 1869 378 1942 iacentes.
420 1863 577 1944 plurimus
600 1863 682 1926 circa
703 1863 825 1948 aquilas
845 1868 951 1947 labor,
973 1889 1055 1952 quae
1077 1890 1134 1930 ue·

107 2001 172 2064 que
204 1976 284 2040 lerri
310 1975 473 2042 adversum
502 1975 681 2056 ingruentia
711 1977 774 2038 tela
807 1999 911 2061 neque
940 1979 994 2060 figi
1022 1981 1134 2046 limosa

107 2095 208 2156 humo
235 2100 391 2174 poterant.
433 2089 568 2152 Caecina
589 2085 666 2150 dum
686 2098 839 2152 sustentat
860 2089 975 2169 aciem,
997 2093 1134 2158 suffosso

109 2228 193 2291 eque
225 2202 370 2286 delapsus
403 2200 723 2280 circumveniebatur,
755 2200 791 2264 ni
819 2201 924 2285 prima
954 2205 1036 2286 legin
1065 2227 1134 2269 sese

108 2319 319 2406 opposuisset.
358 2318 437 2397 juvit
459 2317 597 2383 hostium
627 2314 760 2382 aviditas
786 2316 902 2382 omissa
928 2318 1022 2382 caede
1041 2342 1134 2404 praa·

110 2437 182 2502 dam
214 2434 417 2513 sectantium,
451 2432 617 2517 enisaeque
649 2432 788 2515 legiones
822 2448 1058 2517 vesperascente
1084 2434 1134 2499 die

109 2556 272 2636 inaperta
294 2546 455 2614 etsolida.
496 2549 610 2633 Neque
627 2550 654 2613 is
673 2547 873 2613 miseriarum
888 2547 970 2613 lisris.
1010 2562 1135 2613 struen-

110 2667 186 2731 dum
215 2667 351 2743 vallum,
381 2661 534 2745 petendus
564 2682 673 2745 agger:
707 2664 820 2727 amissa
845 2684 959 2745 magna
979 2685 1019 2728 ex
1046 2676 1135 2747 perte

110 2804 168 2863 per
198 2802 281 2864 quae
310 2778 429 2859 geritur
457 2779 572 2841 humus
606 2791 661 2843 aut
693 2777 849 2841 exciditur
879 2799 1014 2861 caespes.
1069 2799 1136 2841 uon

110 2895 246 2955 tentoria
267 2890 445 2972 manipulis,
470 2910 535 2953 non
556 2890 696 2953 fomenta
718 2889 841 2953 sauciis.
881 2890 1012 2955 infectos
1036 2912 1135 2955 coeno

111 3022 166 3071 aut
196 3028 308 3072 cruore
338 3006 425 3068 cibos
454 3004 646 3084 dividentes,
678 3006 820 3069 funestas
843 3006 1006 3083 tenebras,
1037 3017 1068 3068 et
1089 3015 1135 3067 tot

111 3123 277 3186 homiuum
307 3121 446 3185 millibus
475 3142 574 3184 uuum
602 3125 664 3199 iam
687 3122 846 3204 reliquum
875 3117 958 3181 diem
986 3119 1136 3180 lamenta·

111 3239 240 3299 bantur.

196 3355 295 3419 Forte
316 3370 417 3436 equus
439 3350 580 3433 abruptis
598 3346 730 3414 vinculis
752 3366 849 3428 vagus
866 3358 898 3409 et
918 3345 1054 3409 clamore
1074 3355 1138 3408 ter·
1152 3356 1222 3419 uss

111 3469 191 3532 ritus
211 3465 365 3553 quosdam
384 3462 615 3528 occurrentium
636 3462 829 3525 obturbavit.
871 3474 958 3525 tanta
971 3458 1046 3525 inde
1063 3479 1138 3523 cen-

112 3586 265 3651 sternstio
285 3584 437 3667 irrupisse
462 3581 637 3644 Germanos
661 3574 864 3657 credentium,
884 3590 922 3640 ut
942 3578 1046 3642 cuncti
1064 3594 1139 3636 rue·

112 3712 184 3763 rent
214 3698 256 3763 ad
282 3711 410 3781 portas,
442 3715 576 3781 quatum
605 3692 778 3757 decumana
801 3692 938 3755 maxime
963 3690 1140 3772 petebatur,

113 3836 226 3879 aversa
256 3814 342 3877 hosti
371 3826 403 3876 et
429 3810 621 3893 fugientibus
650 3810 758 3873 tutior.
802 3805 951 3882 Caecina,
980 3812 1140 3883 comperto

111 3950 229 3995 vanam
253 3946 321 3991 esse
343 3925 560 4002 formidinem,
585 3943 684 4006 quum
705 3933 811 3984 tamen
831 3938 935 4001 neque
957 3916 1141 3980 auctoritate

113 4065 220 4127 neque
240 4040 406 4124 precibus,
430 4061 471 4103 ne
492 4057 589 4101 manu
611 4031 738 4118 quidem
760 4029 910 4096 obsistere
932 4041 987 4092 aut
1006 4029 1142 4091 retinere

113 4161 246 4223 militem
277 4158 399 4241 quiret,
431 4160 589 4237 projectus
610 4150 644 4213 iu
672 4148 780 4213 limine
805 4158 916 4231 portae
943 4146 1142 4210 miseratione

837 4263 884 4324 3*
