2959 4875
311 437 374 502 loo
664 428 726 496 EX
751 426 986 496 HISTORIIS

310 616 505 685 rumperent.
557 602 701 662 simulata
729 620 768 661 ea
797 599 917 665 fuerint
942 620 983 663 an
1004 598 1139 661 retinere
1161 600 1335 665 saevientes

312 717 489 799 nequiterit
508 735 622 797 parum
644 710 835 798 allirmatur.⁴
870 712 1011 795 Direptis
1030 713 1137 776 castris
1158 714 1242 777 faces
1263 714 1345 809 inii-A

313 834 417 909 ciunt,
449 843 640 915 cunctosque
670 831 727 913 qui
755 828 877 911 proelio
907 828 1129 911 superfuerant
1152 826 1336 894 incendium

312 944 427 1009 hausit·

231 1069 299 1131 aot
401 1059 509 1127 Civilis
530 1060 668 1122 barbaro
691 1068 768 1124 voto
788 1068 861 1137 post
882 1066 992 1135 coepta
1009 1053 1159 1119 adversus
1174 1055 1335 1119 Romanos

317 1193 404 1241 arma
433 1193 612 1255 propexum
646 1172 872 1255 rutilatumque
905 1170 1024 1233 crinem
1054 1182 1176 1252 patrata
1208 1170 1336 1234 demum

318 1286 411 1349 caede
444 1288 603 1367 legionum
634 1285 789 1369 deposuit.
829 1298 878 1349 et
913 1286 1074 1347 ferebatur
1105 1288 1240 1368 parvulo
1270 1286 1336 1349 filio

318 1399 472 1483 quosdam
495 1402 690 1483 captivorum
711 1398 828 1479 sagittis
848 1399 1019 1481 jaculisque
1045 1399 1220 1480 puerilibus
1240 1399 1337 1480 figen·

318 1514 376 1579 dos
404 1518 564 1579 oburlisse.
621 1514 770 1579 Ceterum
805 1529 908 1596 neque
944 1532 976 1573 se
1009 1534 1112 1597 neque
1147 1534 1338 1598 quemquam

318 1628 473 1691 Batavum
493 1630 528 1690 in
550 1630 648 1692 verba
670 1626 844 1692 Galliarum
867 1624 986 1705 adegit,
1006 1624 1083 1690 fisus
1104 1627 1338 1694 Germanorum

310 1743 434 1823 opibus
457 1754 505 1816 et,
529 1742 556 1803 si
577 1738 759 1808 certandum
781 1736 931 1803 adver-sus
954 1737 1061 1803 Gallos
1081 1737 1120 1803 de
1140 1744 1338 1824 possessione

317 1876 426 1917 rernm
446 1856 539 1932 foret,
559 1853 685 1915 inclitus
705 1852 790 1914 fama
812 1864 843 1913 et
862 1850 977 1933 potior.
1019 1854 1159 1918 Mumius
1173 1855 1339 1939 Lupercus

317 1972 436 2049 legatus
459 1969 594 2049 legionis
623 1967 702 2029 inter
734 1965 820 2029 dona
845 1967 958 2029 missus
971 1986 974 1995 ’
987 1966 1136 2033 Veledae.
1185 1991 1224 2033 ea
1250 1974 1338 2052 virgo

318 2087 455 2147 nationis
480 2087 643 2147 bructerae
670 2083 732 2144 late
752 2082 950 2163 imperitabat
971 2093 1077 2145 vetere
1099 2083 1186 2166 apud
1208 2084 1339 2149 Germa·

318 2220 378 2263 nos
399 2218 505 2276 more,
530 2218 595 2281 quo
616 2199 783 2279 plerasque
803 2198 992 2263 feminarum
1013 2196 1155 2263 fatidicas
1178 2211 1210 2262 et
1229 2220 1339 2280 auges·

321 2323 407 2374 cante
435 2309 657 2391 superstitione
679 2308 871 2372 arbitrentur
893 2307 975 2373 deas.
1023 2310 1177 2395 Tuncque
1201 2310 1339 2376 Veledae

320 2428 487 2490 auctoritas
508 2422 662 2488 adolevit:
683 2444 758 2485 nam
777 2443 944 2508 prosperas
968 2425 1133 2490 GermanIs
1154 2450 1205 2492 res
1229 2441 1260 2491 et
1280 2450 1340 2492 ex-

320 2539 435 2603 cidium
456 2541 616 2619 legionum
635 2536 849 2620 praedeerat.
897 2536 961 2601 Sed
981 2538 1146 2622 Lupercus
1169 2543 1204 2604 in
1225 2541 1339 2605 itinere

311 2653 509 2725 interfectus.
551 2653 645 2734 pauci
673 2652 893 2714 centurionum
920 2653 1184 2737 tribunorumque
1207 2657 1241 2718 in
1263 2656 1340 2718 Gal·

316 2761 361 2824 lia
379 2761 476 2841 geniti
496 2769 699 2822 reservantur
718 2758 831 2838 pignus
854 2757 1016 2821 societatis.
1059 2761 1254 2842 cohortium,
1275 2766 1340 2826 ala-

316 2896 402 2950 rum,
424 2875 582 2956 legionum
602 2873 736 2935 hiberna
757 2873 907 2934 subversa
926 2887 1136 2957 cremataque,
1156 2877 1195 2938 iis
1217 2889 1338 2942 tantum

316 2988 432 3050 relictis
454 3009 534 3070 quae
556 2985 745 3064 Magontiaci
770 3005 805 3045 ac
826 2983 1035 3048 Vindonissae
1055 2987 1113 3050 sita
1137 3001 1220 3052 sunt.

233 3111 305 3176 aas
330 3157 334 3166 ,
402 3102 502 3183 Legio
531 3112 621 3164 sexta
647 3096 779 3162 decuma
807 3120 878 3162 cum
908 3101 1034 3162 auxiliis
1062 3103 1155 3164 simul
1179 3097 1292 3165 deditis
1320 3125 1340 3164 a

317 3213 457 3279 Novesio
495 3215 530 3276 in
562 3214 717 3278 coloniam
752 3216 965 3282 Treverorum
1001 3215 1178 3297 transgredi
1211 3220 1341 3296 jubetur

316 3328 482 3408 praefinita
512 3328 562 3391 die
590 3329 675 3391 intra
705 3349 799 3411 quam
832 3331 940 3394 castris
975 3331 1150 3397 excederet.
1199 3333 1340 3396 medium

319 3461 412 3504 omne
436 3453 561 3522 tempus
582 3443 764 3521 pervarias
786 3464 875 3505 curas
895 3465 994 3524 egere,
1014 3446 1231 3525 ignavissimus
1254 3446 1341 3529 quis·

318 3578 384 3639 que
398 3576 559 3618 caesorum
574 3554 657 3636 apud
669 3557 787 3618 Vetera
802 3561 947 3642 exemplo
961 3575 1122 3643 paventes,
1138 3563 1251 3626 melior
1264 3582 1340 3644 pars

317 3670 436 3732 rubore
459 3680 489 3730 et
508 3667 648 3730 infamia.
692 3670 784 3749 quale
805 3670 885 3736 illud
903 3670 985 3736 iter?
1012 3676 1083 3758 quis
1105 3675 1172 3740 dux
1191 3673 1286 3741 viae?
1309 3687 1341 3738 et

318 3781 430 3865 omnia
448 3781 488 3858 in
518 3781 649 3843 arbitrio
678 3802 790 3845 eorum
819 3805 899 3866 quos
921 3787 1003 3850 vitae
1025 3790 1174 3873 necisque
1195 3791 1342 3854 dominos

317 3893 473 3954 fecissent.
515 3894 580 3954 Alii
607 3897 696 3958 nulla
723 3894 886 3962 dedecoris
911 3921 986 3962 cura
1013 3906 1180 3983 pecuniam
1207 3917 1262 3967 aut
1290 3925 1342 3966 ca·

317 4005 441 4070 rissima
463 4005 589 4069 sibimet
608 4008 670 4088 ipsi
686 4009 893 4076 circumdare.
936 4012 1065 4094 quidam
1086 4015 1235 4098 expedire
1254 4038 1343 4079 arma

317 4115 449 4196 telisque
470 4128 619 4197 tanquam
647 4120 681 4180 in
705 4122 802 4184 aciem
826 4123 953 4201 accingi.
1002 4127 1088 4190 Haec
1116 4128 1340 4194 meditantibus
