2959 4875
466 396 529 463 [tx
551 398 792 467 HISTORIIS
1095 402 1143 471 73·

117 568 264 631 Vitellius
286 581 319 631 et
335 568 495 631 fortunam
515 570 709 654 principatus
727 573 822 637 inerti
840 576 920 637 luxu
941 597 977 640 ac
997 575 1137 661 prodigis

23 689 24 704 ²
116 685 215 765 epulis
245 689 483 766 praesumebat,
516 686 620 751 medio
652 688 715 752 diei
744 693 935 753 temulentus
967 702 999 753 et
1031 692 1137 772 sagina

115 797 235 879 gravis,
264 819 362 881 quum
387 812 493 862 tamen
521 800 618 866 ardor
640 814 672 865 et
693 803 741 867 vis
769 805 904 865 militum
936 806 1020 868 ultro
1050 804 1137 869 ducis

116 913 223 974 munia
243 911 411 994 implebat,
440 927 476 975 ut
495 913 523 975 ai
544 911 667 976 adesset
688 915 860 997 imperator
881 929 912 978 et
932 918 1067 979 strenuis
1087 921 1139 981 vel

115 1026 234 1105 ignaris
265 1046 353 1107 spem
381 1039 563 1111 metumque
593 1026 733 1091 adderet.
783 1029 933 1091 Instructi
962 1031 1138 1114 intentique

117 1138 236 1217 signum
263 1140 468 1220 profectionis
499 1155 685 1222 exposcunt.
728 1144 857 1205 nomine
882 1144 1062 1209 Germanici
1080 1148 1139 1210 Vi-

116 1254 199 1313 tellio
229 1252 331 1314 statim
357 1252 482 1330 addito,
512 1274 669 1315 caesarem
690 1275 724 1315 ss
750 1256 903 1337 appellari
924 1259 1016 1321 etiam
1037 1260 1138 1323 victor

117 1367 290 1446 prohibuit.
337 1365 471 1427 Laetum
502 1368 669 1447 augurium
695 1369 797 1431 Fabio
822 1370 949 1433 Valenti
971 1374 1139 1436 exercitui-

117 1500 176 1561 que
197 1500 294 1563 quem
313 1478 349 1540 in
370 1482 488 1543 bellum
510 1486 620 1563 agebat
640 1483 711 1565 ipso
733 1486 945 1565 profectionis,
962 1485 1012 1549 die
1034 1492 1139 1572 aquila

117 1594 178 1654 leni
197 1606 316 1673 meatu,
335 1608 434 1677 prout
446 1616 557 1675 agmen
577 1595 748 1677 incederet,
771 1600 859 1660 velut
876 1597 943 1660 dux
957 1600 1028 1664 riae
1048 1622 1139 1682 prae·

117 1710 247 1788 volavit,
278 1713 472 1793 longumque
491 1731 550 1793 per
571 1710 708 1792 spatium
729 1712 757 1772 is
781 1710 981 1791 gaudentium
1004 1716 1139 1779 militum

118 1825 253 1896 clamor,
281 1846 319 1887 ea
340 1825 429 1908 quies
449 1824 611 1887 interritae
634 1827 716 1887 alitis
736 1826 814 1905 tuit,
845 1839 880 1888 ut
900 1826 986 1891 haud
1007 1828 1139 1893 dubium

23 2023 24 2026 Ἴ
117 1961 249 2019 magnae
269 1952 300 1999 et
317 1962 487 2022 prosperae
506 1940 556 2002 rei
576 1914 669 2003 omen
690 1940 895 2022 acciperetur.

204 2054 246 2114 Et
263 2053 416 2117 Treveros
432 2054 561 2139 quidem
582 2069 618 2118 ut
637 2054 739 2117 socios
759 2056 863 2117 securi
883 2054 997 2120 adiere.
1039 2055 1140 2117 Divo·
1155 2076 1225 2139 hon

117 2166 189 2229 duri
209 2166 533 2250 (Mediomatricorum
549 2167 583 2231 id
602 2166 756 2250 oppidum
775 2163 833 2252 est)
853 2188 1035 2251 quanquam
1055 2169 1141 2233 omni

23 2325 24 2374 3
116 2283 261 2345 comitate
282 2297 429 2366 exceptos
452 2285 574 2347 subitus
595 2303 699 2366 pavor
718 2285 832 2347 terruit
853 2283 950 2363 raptis
972 2281 1140 2363 derepente

117 2400 212 2464 armis
241 2396 280 2462 ad
310 2399 436 2464 caedem
465 2401 615 2465 innoxiae
646 2399 796 2478 civitatis,
825 2421 890 2462 non
921 2402 962 2462 ob
989 2398 1141 2482 praedam

116 2526 170 2576 aut
189 2513 349 2596 spoliandi
373 2514 569 2599 cupidinem,
599 2514 655 2579 sed
683 2518 794 2578 furore
822 2529 853 2576 et
878 2517 965 2576 rabie
988 2528 1018 2577 et
1042 2515 1141 2578 causis

116 2628 242 2690 incertis
275 2649 377 2712 eoque
409 2629 639 2694 difficilioribus
668 2629 833 2707 remediis,
868 2629 967 2691 donec
995 2630 1141 2711 precibus

116 2739 203 2802 ducis
229 2743 362 2822 mitigati
391 2745 430 2806 ab
460 2742 584 2808 excidio
619 2742 749 2806 civitatis
781 2755 1005 2822 temperavere.
1053 2761 1142 2804 caesa

115 2871 221 2920 tamen
243 2856 285 2919 ad
305 2871 457 2942 quattuor
479 2860 577 2922 mihis
600 2859 776 2922 hominum.
822 2861 916 2940 Isque
937 2871 1043 2920 terror
1066 2859 1142 2920 Gal·

116 2972 172 3034 tias
192 2973 327 3052 invasit,
354 2987 391 3036 ut
411 2975 552 3038 venienti
574 2984 656 3055 ,tntox
678 2975 794 3056 agmini
816 2977 981 3039 universae
1003 2976 1151 3043 civitatee.

117 3108 187 3146 cum
216 3087 448 3167 magistratibus
479 3100 510 3149 et
531 3087 678 3169 precibus
706 3103 924 3166 occurrerent,
943 3091 1057 3152 stratis
1083 3111 1142 3170 par

117 3200 183 3262 vias
203 3201 330 3264 feminis
350 3202 530 3284 puerisque,
554 3221 698 3283 quaeque
722 3203 783 3262 alin
803 3203 999 3282 placamenta
1020 3202 1141 3265 hostilis

117 3313 181 3377 irae
206 3335 274 3377 non
295 3315 421 3398 quidem
440 3318 475 3378 in
500 3318 584 3378 bello
607 3314 663 3378 sed
687 3338 747 3398 pro
772 3338 850 3397 pace
874 3316 1092 3380 tendebantur.

200 3428 359 3494 Nuntium
385 3431 424 3494 de
451 3431 545 3494 caede
569 3431 688 3494 Galbae
711 3444 743 3495 et
766 3432 901 3512 imperio
926 3429 1060 3498 Othonis
1081 3433 1226 3514 Fa·,1‚64

116 3539 188 3602 bins
209 3543 326 3607 Valens
347 3545 380 3608 in
402 3546 526 3611 civitate
546 3547 728 3611 Leucorum
750 3549 880 3630 accepit.
928 3571 985 3612 nec
1006 3550 1142 3612 militum

118 3658 240 3720 animus
263 3659 469 3740 ingaudium
502 3675 556 3726 aut
578 3662 781 3726 formidinem
810 3677 990 3744 permotus:
1024 3661 1144 3722 bellum

117 3773 275 3837 volvebat.
324 3775 421 3840 Gallis
443 3780 600 3842 cunctatio
623 3791 785 3860 exempta,
815 3791 845 3840 et
870 3779 904 3838 in
928 3773 1086 3838 Othonem
1107 3796 1142 3836 ac

115 3886 281 3950 Vitellium
311 3887 419 3954 odium
446 3913 521 3972 par,
551 3912 593 3953 ex
619 3891 749 3953 Vitellio
781 3902 812 3953 et
835 3902 947 3950 metus.
994 3886 1144 3949 Proxima

115 3998 299 4079 Lingonum
329 4002 436 4067 civitas
466 4017 534 4065 erat
561 4002 624 4064 fida
652 4004 807 4083 partibus.
856 4001 990 4079 benigne
1021 3998 1144 4078 excepti

23 4114 24 4117 ’
117 4112 271 4176 modestia
301 4128 467 4180 certavere
517 4113 580 4179 Sed
604 4114 712 4179 brevis
739 4116 855 4178 laetitia
881 4114 939 4175 fuit
968 4111 1143 4176 cohortium
