2959 4875
301 306 344 371 tu
636 299 698 369 EX
722 295 974 367 ANNALIBUS

304 504 373 543 cartu
400 478 577 563 legionibus
599 476 806 547 tdeeueurrit:
837 475 993 538 tumulum
1023 474 1136 539 iterare
1163 471 1249 537 baud
1278 472 1325 535 vi-

305 617 386 657 sum.
428 608 458 658 et
487 607 597 658 cuncta
623 593 707 657 inter
733 596 893 656 castellum
923 591 1084 654 Alisonem
1114 611 1150 654 ac
1177 589 1326 652 Rhenum

308 708 400 773 novis
419 708 571 772 limitibus
592 708 817 793 aggeribusque
836 706 1029 791 permunita.

223 850 276 911 ῃ
391 824 524 907 Jamque
554 823 659 886 classis
690 821 877 899 aduenerat,
913 842 1011 905 quum
1033 818 1212 910 praemissu
1242 838 1329 881 com·

310 949 414 1001 meatu
440 950 471 1000 et
497 934 671 1001 distributis
699 936 733 999 in
759 934 898 1016 legiones
924 955 960 995 ac
988 932 1089 997 socios
1110 932 1244 995 navibus
1263 930 1330 992 fos·

311 1072 394 1131 sam,
415 1052 467 1115 cui
489 1050 656 1115 drusianae
678 1070 813 1128 nomen,
838 1050 995 1131 ingressus
1014 1060 1222 1131 precatusque
1242 1046 1331 1108 Dru-

311 1185 380 1228 sum
411 1179 551 1248 patrem‚
585 1178 621 1229 ut
652 1186 684 1229 se
717 1164 827 1229 eadem
856 1186 968 1229 ausum
996 1166 1099 1227 libens
1129 1165 1332 1259 placatusque

313 1279 457 1361 exemplo
479 1300 514 1341 ac
535 1278 686 1341 memoria
708 1278 911 1342 consiliorum
929 1291 1024 1363 atque
1045 1299 1178 1362 operum
1195 1283 1333 1356 juvarem

311 1396 397 1457 lacus
424 1392 499 1455 inde
529 1406 560 1458 et
590 1416 743 1458 oceanum
772 1414 873 1479 usque
899 1392 939 1456 ad
965 1394 1116 1455 Amisiam
1143 1393 1260 1455 flumen
1284 1410 1334 1453 ee·

315 1505 417 1570 cttnda
447 1507 646 1590 navigatione
678 1509 874 1591 pervehitur.
929 1508 1033 1572 classis
1061 1507 1198 1571 Amisiae
1228 1506 1336 1568 relicta

313 1624 404 1687 laevo
437 1644 544 1702 amne,
585 1636 786 1708 erratumque
818 1624 854 1685 in
891 1643 930 1685 eo
963 1620 1049 1707 quod
1080 1642 1147 1685 non
1179 1620 1336 1685 subvexit.

314 1739 508 1821 transposuit
530 1738 660 1802 militem
681 1738 808 1803 dextrm
824 1738 857 1801 in
875 1750 976 1803 terras
990 1738 1120 1803 iturum.
1161 1738 1208 1801 lta
1228 1739 1336 1820 plures

316 1854 382 1916 dies
404 1851 574 1915 efficiendis
593 1854 744 1935 pontibus
766 1853 934 1935 absumpti.
981 1864 1013 1915 et
1035 1872 1133 1936 eques
1153 1846 1281 1935 quidem
1302 1871 1337 1912 ac

315 1971 454 2052 legiones
483 1970 586 2053 prima
612 1972 767 2035 aestuaria
794 1969 934 2036 nondum
961 1979 1153 2034 accrescente
1179 1966 1266 2031 unda
1289 1969 1340 2030 in·

318 2082 432 2165 trepidi
453 2084 623 2147 transiere:
652 2096 847 2166 postremum
868 2083 1191 2165 auxiliorumagmen
1210 2082 1337 2146 Batavi·

320 2218 382 2279 que
408 2197 443 2258 in
463 2209 552 2278 parte
581 2218 634 2274 ea,
665 2194 742 2259 dam
767 2197 919 2260 insultant
943 2196 1034 2281 aquis
1055 2209 1215 2280 artemque
1240 2194 1340 2257 nandi

320 2321 488 2389 ostentant,
509 2309 626 2372 turbati
648 2322 678 2373 et
699 2310 826 2395 quidam
846 2311 952 2375 hausti
968 2323 1052 2375 eunt.
1092 2312 1225 2375 Metanti
1240 2324 1340 2375 castra

322 2424 439 2488 caesari
458 2423 716 2506 Angrivariorum
738 2423 872 2492 delectio
897 2450 918 2492 a
942 2440 1030 2510 tergo
1050 2427 1224 2491 nuntiatur.
1267 2426 1342 2491 mis·

322 2560 374 2602 sne
402 2538 486 2604 illico
514 2537 681 2604 Stertinius
712 2564 784 2604 cnm
809 2543 914 2628 equite
942 2558 973 2608 et
995 2555 1154 2609 armatura
1181 2543 1245 2609 levi
1271 2545 1342 2626 igne

259 2700 263 2708 -
325 2668 353 2718 et
374 2657 520 2722 caedibus
540 2656 704 2739 perfidiam
725 2662 811 2724 ultus
834 2672 892 2724 est.

239 2795 293 2856 qo
335 2851 338 2860 Ι
409 2771 542 2834 Flumen
563 2771 707 2854 Visurgis
732 2774 893 2838 Romanos
919 2771 1158 2856 Cheruscosque
1182 2769 1344 2835 interflue-

325 2889 389 2948 bat.
433 2893 498 2964 ejus
519 2888 553 2949 in
576 2886 646 2970 ripa
666 2909 736 2950 cum
761 2888 870 2951 ceteris
889 2887 1084 2972 primoribus
1103 2886 1264 2950 Arminius
1289 2886 1345 2949 ad·

326 2997 418 3077 stitit,
448 2999 652 3084 quaesitoque
680 3021 722 3064 an
743 3020 850 3063 caesar
868 3000 1021 3078 venisset,
1049 3013 1216 3085 postquam
1237 2999 1344 3064 adesse

326 3133 512 3195 responsum
541 3127 604 3193 est,
638 3128 674 3180 ut
704 3116 811 3180 liceret
839 3139 911 3180 cum
940 3117 1038 3180 fratre
1069 3115 1208 3199 colloqui
1236 3114 1346 3177 oravit.

328 3237 393 3286 erat
414 3226 441 3288 is
462 3229 496 3289 in
519 3229 669 3308 exercitu,
691 3243 897 3309 cognomento
918 3229 1050 3305 Flavus,
1083 3227 1213 3307 insignis
1232 3226 1294 3289 fide
1315 3236 1346 3289 et

328 3335 441 3400 amisso
467 3360 525 3419 per
551 3342 666 3402 vulnus
696 3343 788 3404 octtlo
818 3342 925 3423 paucis
946 3355 1019 3405 ante
1039 3343 1130 3405 annis
1151 3341 1230 3404 duce
1251 3341 1346 3403 Tibe·

326 3454 387 3519 rio.
429 3464 496 3517 tum
517 3454 720 3536 permissum,
743 3477 989 3542 progressusque
1011 3460 1164 3522 salutatur
1184 3460 1224 3520 ab
1244 3455 1346 3518 Amm-

329 3573 401 3651 nio,
437 3571 493 3658 qui
524 3573 637 3636 amotis
666 3573 869 3656 stipatoribus
898 3589 934 3639 ut
963 3575 1114 3656 sagittarii
1146 3586 1255 3638 nostra
1288 3593 1346 3655 pro

329 3685 399 3768 ripa
420 3685 562 3770 dispositi
579 3685 781 3753 abscederent
800 3690 948 3772 postulat,
969 3704 1002 3753 et
1021 3702 1188 3774 postquam
1210 3687 1346 3768 digressi,

332 3797 415 3859 rande
436 3820 474 3860 ea
495 3799 675 3866 deformitas
698 3798 785 3866 oris?
806 3802 976 3885 interrogat
994 3805 1133 3868 fratrem.
1174 3803 1230 3865 illo
1244 3803 1345 3865 locum

331 3926 360 3974 et
383 3913 538 3994 proelium
565 3918 737 3996 referente,
770 3917 929 4002 quodnam
957 3919 1132 4001 praemium
1158 3914 1345 4001 recepisset?

332 4025 479 4110 exquirit.
523 4027 639 4091 Flavus
661 4042 750 4094 aucta
771 4030 941 4111 stipendia,
971 4045 1115 4116 torquem
1138 4047 1169 4096 et
1193 4054 1345 4110 coronam,
