<?xml version="1.0" encoding="UTF-8"?>
<!DOCTYPE html PUBLIC "-//W3C//DTD XHTML 1.0 Transitional//EN"
    "http://www.w3.org/TR/xhtml1/DTD/xhtml1-transitional.dtd">
<html xmlns="http://www.w3.org/1999/xhtml" xml:lang="en" lang="en">
 <head>
  <title>
</title>
<meta http-equiv="Content-Type" content="text/html;charset=utf-8" />
  <meta name='ocr-system' content='tesseract 3.04.00' />
  <meta name='ocr-capabilities' content='ocr_page ocr_carea ocr_par ocr_line ocrx_word'/>
</head>
<body>
  <div class='ocr_page' id='page_1' title='image "./tacitigermania00grimgoog_0069.png"; bbox 0 0 2959 4875; ppageno 0'>
   <div class='ocr_carea' id='block_1_1' title="bbox 445 427 1133 501">
    <p class='ocr_par' dir='ltr' id='par_1_1' title="bbox 445 427 1133 501">
     <span class='ocr_line' id='line_1_1' title="bbox 445 427 1133 501; baseline -0.004 -2"><span class='ocrx_word' id='word_1_1' title='bbox 445 427 509 499; x_wconf 77' lang='lat' dir='ltr'><strong>EX</strong></span> <span class='ocrx_word' id='word_1_2' title='bbox 530 430 784 501; x_wconf 74' lang='lat' dir='ltr'><strong>sNNtLtBUs</strong></span> <span class='ocrx_word' id='word_1_3' title='bbox 1086 430 1133 497; x_wconf 81' lang='lat' dir='ltr'><strong>bil</strong></span> 
     </span>
    </p>
   </div>
   <div class='ocr_carea' id='block_1_2' title="bbox 107 593 1249 3129">
    <p class='ocr_par' dir='ltr' id='par_1_2' title="bbox 107 593 1142 2177">
     <span class='ocr_line' id='line_1_2' title="bbox 107 593 1131 694; baseline -0.008 -21"><span class='ocrx_word' id='word_1_4' title='bbox 107 630 170 694; x_wconf 87' lang='lat' dir='ltr'><strong>que</strong></span> <span class='ocrx_word' id='word_1_5' title='bbox 190 608 375 673; x_wconf 87' lang='lat' dir='ltr'><strong>nationibus</strong></span> <span class='ocrx_word' id='word_1_6' title='bbox 398 618 578 689; x_wconf 72' lang='lat' dir='ltr'><strong>ostentaret,</strong></span> <span class='ocrx_word' id='word_1_7' title='bbox 598 610 632 672; x_wconf 93' lang='lat' dir='ltr'><strong>in</strong></span> <span class='ocrx_word' id='word_1_8' title='bbox 655 593 808 691; x_wconf 82' lang='lat' dir='ltr'><strong>oppidum</strong></span> <span class='ocrx_word' id='word_1_9' title='bbox 824 606 993 685; x_wconf 77' lang='lat' dir='ltr'><strong>Ubiorum,</strong></span> <span class='ocrx_word' id='word_1_10' title='bbox 1013 606 1131 687; x_wconf 80' lang='lat' dir='ltr'><strong>inquo</strong></span> 
     </span>
     <span class='ocr_line' id='line_1_3' title="bbox 107 704 1133 805; baseline -0.005 -17"><span class='ocrx_word' id='word_1_11' title='bbox 107 724 213 805; x_wconf 88' lang='lat' dir='ltr'><strong>genita</strong></span> <span class='ocrx_word' id='word_1_12' title='bbox 235 736 313 799; x_wconf 81' lang='lat' dir='ltr'><strong>erat,</strong></span> <span class='ocrx_word' id='word_1_13' title='bbox 337 736 504 787; x_wconf 81' lang='lat' dir='ltr'><strong>veteranus</strong></span> <span class='ocrx_word' id='word_1_14' title='bbox 529 723 748 805; x_wconf 85' lang='lat' dir='ltr'><strong>coloniamque</strong></span> <span class='ocrx_word' id='word_1_15' title='bbox 771 720 886 784; x_wconf 91' lang='lat' dir='ltr'><strong>deduci</strong></span> <span class='ocrx_word' id='word_1_16' title='bbox 905 704 1133 801; x_wconf 65' lang='lat' dir='ltr'><strong>impetrat,‘cui</strong></span> 
     </span>
     <span class='ocr_line' id='line_1_4' title="bbox 109 825 1135 919; baseline -0.003 -19"><span class='ocrx_word' id='word_1_17' title='bbox 109 855 228 901; x_wconf 87' lang='lat' dir='ltr'><strong>nomen</strong></span> <span class='ocrx_word' id='word_1_18' title='bbox 244 835 380 900; x_wconf 89' lang='lat' dir='ltr'><strong>inditum</strong></span> <span class='ocrx_word' id='word_1_19' title='bbox 402 825 623 900; x_wconf 78' lang='lat' dir='ltr'><strong>evocabulo</strong></span> <span class='ocrx_word' id='word_1_20' title='bbox 612 836 720 919; x_wconf 85' lang='lat' dir='ltr'><strong>rp&#39;sius.</strong></span> <span class='ocrx_word' id='word_1_21' title='bbox 754 858 790 899; x_wconf 91' lang='lat' dir='ltr'><strong>ac</strong></span> <span class='ocrx_word' id='word_1_22' title='bbox 811 836 896 898; x_wconf 83' lang='lat' dir='ltr'><strong>forte</strong></span> <span class='ocrx_word' id='word_1_23' title='bbox 917 834 1078 915; x_wconf 82' lang='lat' dir='ltr'><strong>acciderat,</strong></span> <span class='ocrx_word' id='word_1_24' title='bbox 1098 848 1135 898; x_wconf 90' lang='lat' dir='ltr'><strong>ut</strong></span> 
     </span>
     <span class='ocr_line' id='line_1_5' title="bbox 110 930 1134 1061; baseline -0.006 -44"><span class='ocrx_word' id='word_1_25' title='bbox 110 974 181 1017; x_wconf 76' lang='lat' dir='ltr'><strong>eom</strong></span> <span class='ocrx_word' id='word_1_26' title='bbox 201 964 327 1034; x_wconf 78' lang='lat' dir='ltr'>gentem</span> <span class='ocrx_word' id='word_1_27' title='bbox 346 954 460 1015; x_wconf 84' lang='lat' dir='ltr'><strong>Rheno</strong></span> <span class='ocrx_word' id='word_1_28' title='bbox 480 937 703 1056; x_wconf 80' lang='lat' dir='ltr'><strong>transgressam</strong></span> <span class='ocrx_word' id='word_1_29' title='bbox 724 954 802 1015; x_wconf 83' lang='lat' dir='ltr'><strong>avu&#39;s</strong></span> <span class='ocrx_word' id='word_1_30' title='bbox 823 930 995 1061; x_wconf 68' lang='lat' dir='ltr'><strong>Agrippi</strong></span> <span class='ocrx_word' id='word_1_31' title='bbox 983 971 1016 1012; x_wconf 88' lang='grc' dir='ltr'><strong>ιιι</strong></span> <span class='ocrx_word' id='word_1_32' title='bbox 1039 950 1134 1013; x_wconf 88' lang='lat' dir='ltr'><strong>fidem</strong></span> 
     </span>
     <span class='ocr_line' id='line_1_6' title="bbox 113 1064 1137 1168; baseline -0.002 -39"><span class='ocrx_word' id='word_1_33' title='bbox 113 1068 278 1148; x_wconf 82' lang='lat' dir='ltr'><strong>acciperet.</strong></span> <span class='ocrx_word' id='word_1_34' title='bbox 332 1065 447 1129; x_wconf 85' lang='lat' dir='ltr'><strong>lisdem</strong></span> <span class='ocrx_word' id='word_1_35' title='bbox 477 1066 741 1168; x_wconf 77' lang='lat' dir='ltr'><strong>temponbusin</strong></span> <span class='ocrx_word' id='word_1_36' title='bbox 767 1067 935 1147; x_wconf 74' lang='lat' dir='ltr'><strong>superiore</strong></span> <span class='ocrx_word' id='word_1_37' title='bbox 967 1064 1137 1128; x_wconf 79' lang='lat' dir='ltr'><strong>Germania</strong></span> 
     </span>
     <span class='ocr_line' id='line_1_7' title="bbox 112 1162 1135 1261; baseline -0.002 -18"><span class='ocrx_word' id='word_1_38' title='bbox 112 1178 304 1261; x_wconf 81' lang='lat' dir='ltr'><strong>trepidatum</strong></span> <span class='ocrx_word' id='word_1_39' title='bbox 341 1178 498 1242; x_wconf 76' lang='lat' dir='ltr'><strong>adventu</strong></span> <span class='ocrx_word' id='word_1_40' title='bbox 519 1162 710 1242; x_wconf 75' lang='lat' dir='ltr'><strong>Chattorum</strong></span> <span class='ocrx_word' id='word_1_41' title='bbox 744 1177 914 1241; x_wconf 83' lang='lat' dir='ltr'><strong>latrocinia</strong></span> <span class='ocrx_word' id='word_1_42' title='bbox 945 1176 1135 1258; x_wconf 68' lang='lat' dir='ltr'><strong>agitantium.</strong></span> 
     </span>
     <span class='ocr_line' id='line_1_8' title="bbox 115 1278 1137 1373; baseline -0.002 -18"><span class='ocrx_word' id='word_1_43' title='bbox 115 1291 189 1355; x_wconf 92' lang='lat' dir='ltr'><strong>dein</strong></span> <span class='ocrx_word' id='word_1_44' title='bbox 213 1292 333 1355; x_wconf 79' lang='lat' dir='ltr'><strong>Lucius</strong></span> <span class='ocrx_word' id='word_1_45' title='bbox 352 1278 546 1373; x_wconf 75' lang='lat' dir='ltr'><strong>Pompdnius</strong></span> <span class='ocrx_word' id='word_1_46' title='bbox 568 1293 691 1371; x_wconf 56' lang='lat' dir='ltr'><strong>‘legatus</strong></span> <span class='ocrx_word' id='word_1_47' title='bbox 711 1292 880 1354; x_wconf 80' lang='lat' dir='ltr'><strong>auxiliares</strong></span> <span class='ocrx_word' id='word_1_48' title='bbox 899 1292 1080 1371; x_wconf 75' lang='lat' dir='ltr'><strong>Vangionas</strong></span> <span class='ocrx_word' id='word_1_49' title='bbox 1102 1314 1137 1353; x_wconf 84' lang='lat' dir='ltr'><strong>ac</strong></span> 
     </span>
     <span class='ocr_line' id='line_1_9' title="bbox 116 1394 1138 1489; baseline 0.001 -21"><span class='ocrx_word' id='word_1_50' title='bbox 116 1406 263 1469; x_wconf 83' lang='lat' dir='ltr'><strong>Nemetas</strong></span> <span class='ocrx_word' id='word_1_51' title='bbox 290 1399 397 1467; x_wconf 81' lang='lat' dir='ltr'><strong>addito</strong></span> <span class='ocrx_word' id='word_1_52' title='bbox 424 1405 529 1487; x_wconf 87' lang='lat' dir='ltr'><strong>equite</strong></span> <span class='ocrx_word' id='word_1_53' title='bbox 553 1404 651 1466; x_wconf 84' lang='lat' dir='ltr'><strong>alario</strong></span> <span class='ocrx_word' id='word_1_54' title='bbox 674 1394 812 1467; x_wconf 87' lang='lat' dir='ltr'><strong>monitos</strong></span> <span class='ocrx_word' id='word_1_55' title='bbox 841 1410 877 1467; x_wconf 85' lang='lat' dir='ltr'><strong>ut&#39;</strong></span> <span class='ocrx_word' id='word_1_56' title='bbox 904 1407 1056 1469; x_wconf 78' lang='lat' dir='ltr'><strong>anteirent</strong></span> <span class='ocrx_word' id='word_1_57' title='bbox 1079 1427 1138 1489; x_wconf 90' lang='lat' dir='ltr'><strong>po·</strong></span> 
     </span>
     <span class='ocr_line' id='line_1_10' title="bbox 117 1518 1139 1603; baseline 0.003 -22"><span class='ocrx_word' id='word_1_58' title='bbox 117 1522 279 1603; x_wconf 84' lang='lat' dir='ltr'><strong>pulatores</strong></span> <span class='ocrx_word' id='word_1_59' title='bbox 309 1521 360 1583; x_wconf 80' lang='lat' dir='ltr'><strong>vel</strong></span> <span class='ocrx_word' id='word_1_60' title='bbox 387 1518 514 1601; x_wconf 74' lang='lat' dir='ltr'><strong>dilapsio</strong></span> <span class='ocrx_word' id='word_1_61' title='bbox 539 1520 706 1601; x_wconf 75' lang='lat' dir='ltr'><strong>improvisi</strong></span> <span class='ocrx_word' id='word_1_62' title='bbox 728 1519 1063 1585; x_wconf 79' lang='lat' dir='ltr'><strong>circumfunderentur.</strong></span> <span class='ocrx_word' id='word_1_63' title='bbox 1108 1535 1139 1585; x_wconf 87' lang='lat' dir='ltr'><strong>et</strong></span> 
     </span>
     <span class='ocr_line' id='line_1_11' title="bbox 117 1629 1138 1717; baseline -0.002 -22"><span class='ocrx_word' id='word_1_64' title='bbox 117 1647 224 1697; x_wconf 85' lang='lat' dir='ltr'><strong>secuta</strong></span> <span class='ocrx_word' id='word_1_65' title='bbox 252 1633 417 1697; x_wconf 89' lang='lat' dir='ltr'><strong>consilium</strong></span> <span class='ocrx_word' id='word_1_66' title='bbox 440 1630 528 1694; x_wconf 83' lang='lat' dir='ltr'><strong>ducis</strong></span> <span class='ocrx_word' id='word_1_67' title='bbox 556 1629 712 1697; x_wconf 77' lang='lat' dir='ltr'><strong>industris</strong></span> <span class='ocrx_word' id='word_1_68' title='bbox 737 1632 890 1711; x_wconf 85' lang='lat' dir='ltr'><strong>militum,</strong></span> <span class='ocrx_word' id='word_1_69' title='bbox 912 1634 1076 1717; x_wconf 66' lang='lat' dir='ltr'><strong>‘didicique</strong></span> <span class='ocrx_word' id='word_1_70' title='bbox 1104 1635 1138 1695; x_wconf 91' lang='lat' dir='ltr'><strong>in</strong></span> 
     </span>
     <span class='ocr_line' id='line_1_12' title="bbox 119 1722 1139 1832; baseline -0.001 -22"><span class='ocrx_word' id='word_1_71' title='bbox 119 1748 183 1811; x_wconf 85' lang='lat' dir='ltr'><strong>duo</strong></span> <span class='ocrx_word' id='word_1_72' title='bbox 205 1749 328 1829; x_wconf 81' lang='lat' dir='ltr'><strong>agmina</strong></span> <span class='ocrx_word' id='word_1_73' title='bbox 349 1750 405 1832; x_wconf 90' lang='lat' dir='ltr'><strong>qui</strong></span> <span class='ocrx_word' id='word_1_74' title='bbox 428 1737 560 1811; x_wconf 82' lang='lat' dir='ltr'><strong>laevum·</strong></span> <span class='ocrx_word' id='word_1_75' title='bbox 578 1735 640 1809; x_wconf 88' lang='lat' dir='ltr'><strong>iter</strong></span> <span class='ocrx_word' id='word_1_76' title='bbox 663 1734 841 1829; x_wconf 70' lang='lat' dir='ltr'><strong>petirerant</strong></span> <span class='ocrx_word' id='word_1_77' title='bbox 866 1730 975 1811; x_wconf 76' lang='lat' dir='ltr'><strong>recens</strong></span> <span class='ocrx_word' id='word_1_78' title='bbox 996 1722 1139 1813; x_wconf 85' lang='lat' dir='ltr'><strong>reversos</strong></span> 
     </span>
     <span class='ocr_line' id='line_1_13' title="bbox 118 1858 1141 1949; baseline -0.003 -20"><span class='ocrx_word' id='word_1_79' title='bbox 118 1864 300 1949; x_wconf 86' lang='lat' dir='ltr'><strong>praedaque</strong></span> <span class='ocrx_word' id='word_1_80' title='bbox 328 1878 386 1947; x_wconf 84' lang='lat' dir='ltr'><strong>pe&#39;r</strong></span> <span class='ocrx_word' id='word_1_81' title='bbox 412 1867 527 1927; x_wconf 84' lang='lat' dir='ltr'><strong>luxum</strong></span> <span class='ocrx_word' id='word_1_82' title='bbox 547 1881 620 1927; x_wconf 85' lang='lat' dir='ltr'><strong>usos</strong></span> <span class='ocrx_word' id='word_1_83' title='bbox 649 1876 678 1925; x_wconf 93' lang='lat' dir='ltr'><strong>et</strong></span> <span class='ocrx_word' id='word_1_84' title='bbox 707 1864 818 1927; x_wconf 84' lang='lat' dir='ltr'><strong>somno</strong></span> <span class='ocrx_word' id='word_1_85' title='bbox 840 1874 948 1944; x_wconf 81' lang='lat' dir='ltr'><strong>graves</strong></span> <span class='ocrx_word' id='word_1_86' title='bbox 970 1858 1141 1930; x_wconf 70' lang='lat' dir='ltr'><strong>circumie-</strong></span> 
     </span>
     <span class='ocr_line' id='line_1_14' title="bbox 120 1962 1142 2064; baseline -0.002 -21"><span class='ocrx_word' id='word_1_87' title='bbox 120 2002 212 2043; x_wconf 88' lang='lat' dir='ltr'><strong>nere.</strong></span> <span class='ocrx_word' id='word_1_88' title='bbox 262 1987 350 2049; x_wconf 85' lang='lat' dir='ltr'><strong>aucta</strong></span> <span class='ocrx_word' id='word_1_89' title='bbox 374 1982 508 2059; x_wconf 86' lang='lat' dir='ltr'><strong>laetitia,</strong></span> <span class='ocrx_word' id='word_1_90' title='bbox 535 1962 640 2064; x_wconf 37' lang='lat' dir='ltr'><strong>&#39;quod&#39;</strong></span> <span class='ocrx_word' id='word_1_91' title='bbox 660 1978 814 2063; x_wconf 89' lang='lat' dir='ltr'><strong>quosdam</strong></span> <span class='ocrx_word' id='word_1_92' title='bbox 846 2002 863 2042; x_wconf 91' lang='lat' dir='ltr'><strong>e</strong></span> <span class='ocrx_word' id='word_1_93' title='bbox 893 1980 980 2043; x_wconf 81' lang='lat' dir='ltr'><strong>clade</strong></span> <span class='ocrx_word' id='word_1_94' title='bbox 1011 1982 1142 2048; x_wconf 79' lang='lat' dir='ltr'><strong>variana</strong></span> 
     </span>
     <span class='ocr_line' id='line_1_15' title="bbox 120 2091 992 2177; baseline -0.001 -21"><span class='ocrx_word' id='word_1_95' title='bbox 120 2091 393 2177; x_wconf 78' lang='lat' dir='ltr'><strong>quadragesimum</strong></span> <span class='ocrx_word' id='word_1_96' title='bbox 410 2104 486 2175; x_wconf 79' lang='lat' dir='ltr'><strong>&#39;post</strong></span> <span class='ocrx_word' id='word_1_97' title='bbox 506 2112 625 2154; x_wconf 90' lang='lat' dir='ltr'><strong>annum</strong></span> <span class='ocrx_word' id='word_1_98' title='bbox 649 2091 777 2154; x_wconf 80' lang='lat' dir='ltr'><strong>seruitio</strong></span> <span class='ocrx_word' id='word_1_99' title='bbox 802 2105 992 2156; x_wconf 89' lang='lat' dir='ltr'><strong>exemerant.</strong></span> 
     </span>
    </p>

    <p class='ocr_par' dir='ltr' id='par_1_3' title="bbox 123 2180 1249 3087">
     <span class='ocr_line' id='line_1_16' title="bbox 208 2180 1249 2291; baseline -0.004 -22"><span class='ocrx_word' id='word_1_100' title='bbox 208 2211 252 2269; x_wconf 79' lang='lat' dir='ltr'><strong>At</strong></span> <span class='ocrx_word' id='word_1_101' title='bbox 279 2208 335 2291; x_wconf 87' lang='lat' dir='ltr'><strong>qui</strong></span> <span class='ocrx_word' id='word_1_102' title='bbox 367 2206 486 2271; x_wconf 84' lang='lat' dir='ltr'><strong>dextris</strong></span> <span class='ocrx_word' id='word_1_103' title='bbox 518 2220 550 2271; x_wconf 90' lang='lat' dir='ltr'><strong>et</strong></span> <span class='ocrx_word' id='word_1_104' title='bbox 580 2206 783 2289; x_wconf 84' lang='lat' dir='ltr'><strong>propioribus</strong></span> <span class='ocrx_word' id='word_1_105' title='bbox 817 2204 1010 2289; x_wconf 80' lang='lat' dir='ltr'><strong>compendiis</strong></span> <span class='ocrx_word' id='word_1_106' title='bbox 1029 2180 1146 2270; x_wconf 66' lang='lat' dir='ltr'><strong>ierant</strong></span> <span class='ocrx_word' id='word_1_107' title='bbox 1163 2218 1249 2280; x_wconf 54' lang='lat'><strong>1228</strong></span> 
     </span>
     <span class='ocr_line' id='line_1_17' title="bbox 123 2300 1148 2405; baseline 0.001 -23"><span class='ocrx_word' id='word_1_108' title='bbox 123 2320 223 2382; x_wconf 83' lang='lat' dir='ltr'><strong>obvio</strong></span> <span class='ocrx_word' id='word_1_109' title='bbox 239 2321 323 2382; x_wconf 89' lang='lat' dir='ltr'><strong>hosti</strong></span> <span class='ocrx_word' id='word_1_110' title='bbox 341 2333 372 2383; x_wconf 90' lang='lat' dir='ltr'><strong>et</strong></span> <span class='ocrx_word' id='word_1_111' title='bbox 393 2323 492 2383; x_wconf 87' lang='lat' dir='ltr'><strong>aciem</strong></span> <span class='ocrx_word' id='word_1_112' title='bbox 514 2337 600 2398; x_wconf 81' lang='lat' dir='ltr'><strong>suso,</strong></span> <span class='ocrx_word' id='word_1_113' title='bbox 619 2321 691 2402; x_wconf 86' lang='lat' dir='ltr'><strong>plus</strong></span> <span class='ocrx_word' id='word_1_114' title='bbox 713 2300 809 2385; x_wconf 82' lang='lat' dir='ltr'><strong>cladis</strong></span> <span class='ocrx_word' id='word_1_115' title='bbox 830 2303 1011 2401; x_wconf 58' lang='lat' dir='ltr'><strong>taetantes</strong></span> <span class='ocrx_word' id='word_1_116' title='bbox 1027 2318 1148 2405; x_wconf 69' lang='lat' dir='ltr'><strong>praeda</strong></span> 
     </span>
     <span class='ocr_line' id='line_1_18' title="bbox 123 2415 1147 2518; baseline 0.004 -22"><span class='ocrx_word' id='word_1_117' title='bbox 123 2436 271 2518; x_wconf 76' lang='lat' dir='ltr'><strong>famaque</strong></span> <span class='ocrx_word' id='word_1_118' title='bbox 298 2435 404 2498; x_wconf 85' lang='lat' dir='ltr'><strong>onusti</strong></span> <span class='ocrx_word' id='word_1_119' title='bbox 432 2424 474 2498; x_wconf 84' lang='lat' dir='ltr'><strong>ad</strong></span> <span class='ocrx_word' id='word_1_120' title='bbox 502 2444 642 2496; x_wconf 90' lang='lat' dir='ltr'><strong>montem</strong></span> <span class='ocrx_word' id='word_1_121' title='bbox 667 2435 814 2497; x_wconf 88' lang='lat' dir='ltr'><strong>Taunum</strong></span> <span class='ocrx_word' id='word_1_122' title='bbox 842 2415 1059 2513; x_wconf 74' lang='lat' dir='ltr'><strong>revertuntur,</strong></span> <span class='ocrx_word' id='word_1_123' title='bbox 1090 2439 1147 2500; x_wconf 88' lang='lat' dir='ltr'><strong>ubi</strong></span> 
     </span>
     <span class='ocr_line' id='line_1_19' title="bbox 124 2531 1147 2632; baseline 0.001 -21"><span class='ocrx_word' id='word_1_124' title='bbox 124 2549 321 2632; x_wconf 84' lang='lat' dir='ltr'><strong>Pomponius</strong></span> <span class='ocrx_word' id='word_1_125' title='bbox 349 2568 421 2611; x_wconf 82' lang='lat' dir='ltr'><strong>cunr</strong></span> <span class='ocrx_word' id='word_1_126' title='bbox 448 2547 624 2627; x_wconf 81' lang='lat' dir='ltr'><strong>legionibus</strong></span> <span class='ocrx_word' id='word_1_127' title='bbox 647 2535 887 2629; x_wconf 85' lang='lat' dir='ltr'><strong>opperiebatur,</strong></span> <span class='ocrx_word' id='word_1_128' title='bbox 917 2531 943 2612; x_wconf 88' lang='lat' dir='ltr'><strong>si</strong></span> <span class='ocrx_word' id='word_1_129' title='bbox 967 2550 1073 2612; x_wconf 83' lang='lat' dir='ltr'><strong>Chatti</strong></span> <span class='ocrx_word' id='word_1_130' title='bbox 1093 2572 1147 2611; x_wconf 90' lang='lat' dir='ltr'><strong>cu-</strong></span> 
     </span>
     <span class='ocr_line' id='line_1_20' title="bbox 124 2661 1152 2766; baseline 0.002 -42"><span class='ocrx_word' id='word_1_131' title='bbox 124 2661 233 2746; x_wconf 82' lang='lat' dir='ltr'><strong>pidi&#39;ne</strong></span> <span class='ocrx_word' id='word_1_132' title='bbox 255 2661 439 2726; x_wconf 86' lang='lat' dir='ltr'><strong>ulciscendi</strong></span> <span class='ocrx_word' id='word_1_133' title='bbox 451 2680 555 2725; x_wconf 85' lang='lat' dir='ltr'><strong>casum</strong></span> <span class='ocrx_word' id='word_1_134' title='bbox 584 2680 708 2742; x_wconf 87' lang='lat' dir='ltr'><strong>pugnae</strong></span> <span class='ocrx_word' id='word_1_135' title='bbox 735 2663 935 2744; x_wconf 80' lang='lat' dir='ltr'><strong>praeberent.</strong></span> <span class='ocrx_word' id='word_1_136' title='bbox 975 2663 1025 2724; x_wconf 90' lang='lat' dir='ltr'><strong>Illi</strong></span> <span class='ocrx_word' id='word_1_137' title='bbox 1051 2677 1152 2766; x_wconf 83' lang='lat' dir='ltr'><strong>metu,</strong></span> 
     </span>
     <span class='ocr_line' id='line_1_21' title="bbox 128 2762 1150 2872; baseline -0.001 -32"><span class='ocrx_word' id='word_1_138' title='bbox 128 2800 168 2841; x_wconf 89' lang='lat' dir='ltr'><strong>ne</strong></span> <span class='ocrx_word' id='word_1_139' title='bbox 192 2781 268 2842; x_wconf 85' lang='lat' dir='ltr'><strong>hinc</strong></span> <span class='ocrx_word' id='word_1_140' title='bbox 289 2779 470 2855; x_wconf 78' lang='lat' dir='ltr'><strong>Romanus,</strong></span> <span class='ocrx_word' id='word_1_141' title='bbox 499 2774 574 2838; x_wconf 89' lang='lat' dir='ltr'><strong>inde</strong></span> <span class='ocrx_word' id='word_1_142' title='bbox 597 2762 764 2856; x_wconf 80' lang='lat' dir='ltr'><strong>Cherusci,</strong></span> <span class='ocrx_word' id='word_1_143' title='bbox 799 2797 870 2839; x_wconf 90' lang='lat' dir='ltr'><strong>cum</strong></span> <span class='ocrx_word' id='word_1_144' title='bbox 891 2777 962 2860; x_wconf 86' lang='lat' dir='ltr'><strong>quis</strong></span> <span class='ocrx_word' id='word_1_145' title='bbox 986 2791 1150 2872; x_wconf 82' lang='lat' dir='ltr'><strong>aeternum</strong></span> 
     </span>
     <span class='ocr_line' id='line_1_22' title="bbox 129 2887 1151 2974; baseline -0.005 -17"><span class='ocrx_word' id='word_1_146' title='bbox 129 2893 325 2974; x_wconf 86' lang='lat' dir='ltr'><strong>discordant,</strong></span> <span class='ocrx_word' id='word_1_147' title='bbox 345 2887 690 2970; x_wconf 85' lang='lat' dir='ltr'><strong>circumgredercntur‚</strong></span> <span class='ocrx_word' id='word_1_148' title='bbox 710 2890 859 2970; x_wconf 85' lang='lat' dir='ltr'><strong>legbtos&#39;</strong></span> <span class='ocrx_word' id='word_1_149' title='bbox 849 2910 886 2950; x_wconf 88' lang='grc' dir='ltr'><strong>ιιι</strong></span> <span class='ocrx_word' id='word_1_150' title='bbox 906 2891 1018 2953; x_wconf 89' lang='lat' dir='ltr'><strong>urbem</strong></span> <span class='ocrx_word' id='word_1_151' title='bbox 1040 2903 1069 2953; x_wconf 93' lang='lat' dir='ltr'><strong>et</strong></span> <span class='ocrx_word' id='word_1_152' title='bbox 1093 2892 1151 2952; x_wconf 90' lang='lat' dir='ltr'><strong>ob·</strong></span> 
     </span>
     <span class='ocr_line' id='line_1_23' title="bbox 129 3002 1188 3129; baseline 0 -60"><span class='ocrx_word' id='word_1_153' title='bbox 129 3006 213 3070; x_wconf 84' lang='lat' dir='ltr'><strong>sides</strong></span> <span class='ocrx_word' id='word_1_154' title='bbox 235 3007 364 3069; x_wconf 84' lang='lat' dir='ltr'><strong>misere:</strong></span> <span class='ocrx_word' id='word_1_155' title='bbox 386 3002 591 3086; x_wconf 86' lang='lat' dir='ltr'><strong>decretusque</strong></span> <span class='ocrx_word' id='word_1_156' title='bbox 612 3003 790 3114; x_wconf 88' lang='lat' dir='ltr'><strong>Pomponio</strong></span> <span class='ocrx_word' id='word_1_157' title='bbox 812 3003 1012 3086; x_wconf 80' lang='lat' dir='ltr'><strong>triumphalis</strong></span> <span class='ocrx_word' id='word_1_158' title='bbox 1032 3003 1188 3129; x_wconf 30' lang='lat' dir='ltr'><strong>honos3h</strong></span> 
     </span>
    </p>
   </div>
   <div class='ocr_carea' id='block_1_3' title="bbox 130 3109 1219 3254">
    <p class='ocr_par' dir='ltr' id='par_1_4' title="bbox 130 3109 1219 3254">
     <span class='ocr_line' id='line_1_24' title="bbox 130 3109 1219 3254; baseline -0.003 -71"><span class='ocrx_word' id='word_1_159' title='bbox 130 3121 254 3184; x_wconf 83' lang='lat' dir='ltr'><strong>modica</strong></span> <span class='ocrx_word' id='word_1_160' title='bbox 275 3141 351 3202; x_wconf 84' lang='lat' dir='ltr'><strong>pare</strong></span> <span class='ocrx_word' id='word_1_161' title='bbox 371 3109 473 3182; x_wconf 73' lang='lat' dir='ltr'><strong>famae</strong></span> <span class='ocrx_word' id='word_1_162' title='bbox 498 3123 566 3197; x_wconf 79' lang='lat' dir='ltr'><strong>ejus</strong></span> <span class='ocrx_word' id='word_1_163' title='bbox 591 3114 689 3200; x_wconf 83' lang='lat' dir='ltr'><strong>¹apud</strong></span> <span class='ocrx_word' id='word_1_164' title='bbox 698 3125 860 3200; x_wconf 84' lang='lat' dir='ltr'><strong>posteros,</strong></span> <span class='ocrx_word' id='word_1_165' title='bbox 889 3119 922 3220; x_wconf 84' lang='lat' dir='ltr'><strong>in</strong></span> <span class='ocrx_word' id='word_1_166' title='bbox 925 3119 1040 3254; x_wconf 74' lang='lat' dir='ltr'><strong>quis</strong></span> <span class='ocrx_word' id='word_1_167' title='bbox 1033 3112 1177 3182; x_wconf 84' lang='lat' dir='ltr'><strong>carmi-</strong></span> <span class='ocrx_word' id='word_1_168' title='bbox 1216 3131 1219 3138; x_wconf 87' lang='lat'>&#39;</span> 
     </span>
    </p>
   </div>
   <div class='ocr_carea' id='block_1_4' title="bbox 132 3235 1254 3663">
    <p class='ocr_par' dir='ltr' id='par_1_5' title="bbox 132 3235 810 3317">
     <span class='ocr_line' id='line_1_25' title="bbox 132 3235 810 3317; baseline -0.003 -19"><span class='ocrx_word' id='word_1_169' title='bbox 132 3257 211 3299; x_wconf 89' lang='lat' dir='ltr'><strong>num</strong></span> <span class='ocrx_word' id='word_1_170' title='bbox 232 3238 332 3317; x_wconf 90' lang='lat' dir='ltr'><strong>gloria</strong></span> <span class='ocrx_word' id='word_1_171' title='bbox 351 3235 524 3317; x_wconf 71' lang='lat' dir='ltr'><strong>praecelllts</strong></span> <span class='ocrx_word' id='word_1_172' title='bbox 603 3243 617 3271; x_wconf 71' lang='lat'><strong>2&#39;</strong></span> <span class='ocrx_word' id='word_1_173' title='bbox 671 3263 675 3270; x_wconf 96' lang='lat'>·</span> <span class='ocrx_word' id='word_1_174' title='bbox 703 3253 708 3261; x_wconf 79' lang='grc'><strong>’</strong></span> <span class='ocrx_word' id='word_1_175' title='bbox 799 3236 810 3246; x_wconf 89' lang='grc'>”</span> 
     </span>
    </p>

    <p class='ocr_par' dir='ltr' id='par_1_6' title="bbox 132 3334 1254 3663">
     <span class='ocr_line' id='line_1_26' title="bbox 186 3334 1254 3432; baseline -0.011 -19.671"><span class='ocrx_word' id='word_1_176' title='bbox 186 3352 281 3412; x_wconf 88' lang='lat' dir='ltr'><strong>Per</strong></span> <span class='ocrx_word' id='word_1_177' title='bbox 301 3349 385 3413; x_wconf 88' lang='lat' dir='ltr'><strong>idem</strong></span> <span class='ocrx_word' id='word_1_178' title='bbox 409 3341 533 3432; x_wconf 83' lang='lat' dir='ltr'><strong>tempus</strong></span> <span class='ocrx_word' id='word_1_179' title='bbox 560 3334 705 3412; x_wconf 79' lang='lat' dir='ltr'><strong>Vannius</strong></span> <span class='ocrx_word' id='word_1_180' title='bbox 718 3337 870 3412; x_wconf 74' lang='lat' dir='ltr'><strong>&#39;S&#39;uevis</strong></span> <span class='ocrx_word' id='word_1_181' title='bbox 862 3369 880 3410; x_wconf 91' lang='lat' dir='ltr'><strong>a</strong></span> <span class='ocrx_word' id='word_1_182' title='bbox 899 3347 1008 3411; x_wconf 76' lang='lat' dir='ltr'><strong>Druso</strong></span> <span class='ocrx_word' id='word_1_183' title='bbox 1030 3364 1152 3410; x_wconf 84' lang='lat' dir='ltr'><strong>caesare</strong></span> <span class='ocrx_word' id='word_1_184' title='bbox 1168 3352 1254 3417; x_wconf 56' lang='lat'><strong>1229</strong></span> 
     </span>
     <span class='ocr_line' id='line_1_27' title="bbox 132 3463 1155 3548; baseline 0 -22"><span class='ocrx_word' id='word_1_185' title='bbox 132 3463 300 3547; x_wconf 86' lang='lat' dir='ltr'><strong>impositus</strong></span> <span class='ocrx_word' id='word_1_186' title='bbox 327 3466 455 3548; x_wconf 89' lang='lat' dir='ltr'><strong>pellitur</strong></span> <span class='ocrx_word' id='word_1_187' title='bbox 482 3485 615 3546; x_wconf 70' lang='lat' dir='ltr'><strong>reguo,</strong></span> <span class='ocrx_word' id='word_1_188' title='bbox 633 3465 735 3547; x_wconf 81' lang='lat' dir='ltr'><strong>prinis</strong></span> <span class='ocrx_word' id='word_1_189' title='bbox 766 3464 892 3546; x_wconf 86' lang='lat' dir='ltr'><strong>imperii</strong></span> <span class='ocrx_word' id='word_1_190' title='bbox 925 3477 1024 3527; x_wconf 86' lang='lat' dir='ltr'><strong>aetate</strong></span> <span class='ocrx_word' id='word_1_191' title='bbox 1055 3466 1155 3526; x_wconf 88' lang='lat' dir='ltr'><strong>clarus</strong></span> 
     </span>
     <span class='ocr_line' id='line_1_28' title="bbox 135 3560 1156 3663; baseline -0.005 -22"><span class='ocrx_word' id='word_1_192' title='bbox 135 3592 343 3663; x_wconf 86' lang='lat' dir='ltr'><strong>acceptusque</strong></span> <span class='ocrx_word' id='word_1_193' title='bbox 362 3563 581 3662; x_wconf 79' lang='lat' dir='ltr'><strong>popularibus,</strong></span> <span class='ocrx_word' id='word_1_194' title='bbox 601 3599 676 3642; x_wconf 87' lang='lat' dir='ltr'><strong>mox</strong></span> <span class='ocrx_word' id='word_1_195' title='bbox 698 3560 954 3640; x_wconf 85' lang='lat' dir='ltr'><strong>diuturnitatein</strong></span> <span class='ocrx_word' id='word_1_196' title='bbox 977 3565 1156 3657; x_wconf 81' lang='lat' dir='ltr'><strong>superbiam</strong></span> 
     </span>
    </p>
   </div>
   <div class='ocr_carea' id='block_1_5' title="bbox 26 3673 1157 3770">
    <p class='ocr_par' dir='ltr' id='par_1_7' title="bbox 26 3673 1157 3770">
     <span class='ocr_line' id='line_1_29' title="bbox 26 3673 1157 3770; baseline -0.004 -16"><span class='ocrx_word' id='word_1_197' title='bbox 26 3678 27 3723; x_wconf 73' lang='lat'>;</span> <span class='ocrx_word' id='word_1_198' title='bbox 135 3705 277 3770; x_wconf 81' lang='lat' dir='ltr'><strong>mutans,</strong></span> <span class='ocrx_word' id='word_1_199' title='bbox 307 3705 340 3755; x_wconf 87' lang='lat' dir='ltr'><strong>et</strong></span> <span class='ocrx_word' id='word_1_200' title='bbox 359 3693 433 3756; x_wconf 90' lang='lat' dir='ltr'><strong>odio</strong></span> <span class='ocrx_word' id='word_1_201' title='bbox 455 3696 650 3769; x_wconf 87' lang='lat' dir='ltr'><strong>accolarum,</strong></span> <span class='ocrx_word' id='word_1_202' title='bbox 677 3680 776 3753; x_wconf 65' lang='lat' dir='ltr'><strong>*simul</strong></span> <span class='ocrx_word' id='word_1_203' title='bbox 795 3673 972 3755; x_wconf 72' lang='lat' dir='ltr'><strong>domesticis</strong></span> <span class='ocrx_word' id='word_1_204' title='bbox 995 3685 1157 3749; x_wconf 85' lang='lat' dir='ltr'><strong>discordiis</strong></span> 
     </span>
    </p>
   </div>
   <div class='ocr_carea' id='block_1_6' title="bbox 137 3798 1161 4237">
    <p class='ocr_par' dir='ltr' id='par_1_8' title="bbox 137 3798 1161 4237">
     <span class='ocr_line' id='line_1_30' title="bbox 137 3798 1158 3872; baseline -0.008 -4"><span class='ocrx_word' id='word_1_205' title='bbox 137 3806 393 3872; x_wconf 68' lang='lat' dir='ltr'><strong>circumventus</strong></span> <span class='ocrx_word' id='word_1_206' title='bbox 420 3808 572 3869; x_wconf 86' lang='lat' dir='ltr'><strong>Auctores</strong></span> <span class='ocrx_word' id='word_1_207' title='bbox 597 3805 686 3866; x_wconf 84' lang='lat' dir='ltr'><strong>fuere</strong></span> <span class='ocrx_word' id='word_1_208' title='bbox 706 3804 849 3866; x_wconf 76' lang='lat' dir='ltr'><strong>Vibilius</strong></span> <span class='ocrx_word' id='word_1_209' title='bbox 859 3798 1158 3864; x_wconf 67' lang='lat' dir='ltr'><strong>Hermundurorum</strong></span> 
     </span>
     <span class='ocr_line' id='line_1_31' title="bbox 137 3912 1158 4004; baseline -0.01 -20"><span class='ocrx_word' id='word_1_210' title='bbox 137 3943 214 4002; x_wconf 88' lang='lat' dir='ltr'><strong>rex,</strong></span> <span class='ocrx_word' id='word_1_211' title='bbox 246 3935 279 3986; x_wconf 90' lang='lat' dir='ltr'><strong>et</strong></span> <span class='ocrx_word' id='word_1_212' title='bbox 305 3923 428 4004; x_wconf 81' lang='lat' dir='ltr'><strong>Vangio</strong></span> <span class='ocrx_word' id='word_1_213' title='bbox 459 3944 495 3985; x_wconf 85' lang='lat' dir='ltr'><strong>sc</strong></span> <span class='ocrx_word' id='word_1_214' title='bbox 523 3921 619 3998; x_wconf 87' lang='lat' dir='ltr'><strong>Sido,</strong></span> <span class='ocrx_word' id='word_1_215' title='bbox 652 3938 761 3980; x_wconf 89' lang='lat' dir='ltr'><strong>sorore</strong></span> <span class='ocrx_word' id='word_1_216' title='bbox 788 3915 907 3979; x_wconf 86' lang='lat' dir='ltr'><strong>Vannii</strong></span> <span class='ocrx_word' id='word_1_217' title='bbox 935 3913 1040 3995; x_wconf 88' lang='lat' dir='ltr'><strong>geniti.</strong></span> <span class='ocrx_word' id='word_1_218' title='bbox 1090 3912 1158 3976; x_wconf 90' lang='lat' dir='ltr'><strong>Nec</strong></span> 
     </span>
     <span class='ocr_line' id='line_1_32' title="bbox 137 4021 1160 4121; baseline -0.006 -23"><span class='ocrx_word' id='word_1_219' title='bbox 137 4034 299 4099; x_wconf 80' lang='lat' dir='ltr'><strong>Claudius</strong></span> <span class='ocrx_word' id='word_1_220' title='bbox 312 4021 494 4121; x_wconf 79' lang='lat' dir='ltr'><strong>quanquam</strong></span> <span class='ocrx_word' id='word_1_221' title='bbox 522 4055 614 4119; x_wconf 86' lang='lat' dir='ltr'><strong>saepe</strong></span> <span class='ocrx_word' id='word_1_222' title='bbox 636 4045 743 4096; x_wconf 79' lang='lat' dir='ltr'><strong>oratus</strong></span> <span class='ocrx_word' id='word_1_223' title='bbox 768 4051 854 4095; x_wconf 80' lang='lat' dir='ltr'><strong>arma</strong></span> <span class='ocrx_word' id='word_1_224' title='bbox 871 4029 1064 4093; x_wconf 85' lang='lat' dir='ltr'><strong>certantibus</strong></span> <span class='ocrx_word' id='word_1_225' title='bbox 1087 4032 1160 4093; x_wconf 91' lang='lat' dir='ltr'><strong>bar·</strong></span> 
     </span>
     <span class='ocr_line' id='line_1_33' title="bbox 138 4145 1161 4237; baseline -0.008 -23"><span class='ocrx_word' id='word_1_226' title='bbox 138 4153 226 4215; x_wconf 82' lang='lat' dir='ltr'><strong>baris</strong></span> <span class='ocrx_word' id='word_1_227' title='bbox 253 4153 459 4237; x_wconf 84' lang='lat' dir='ltr'><strong>interposuit,</strong></span> <span class='ocrx_word' id='word_1_228' title='bbox 488 4161 591 4217; x_wconf 84' lang='lat' dir='ltr'><strong>tutum</strong></span> <span class='ocrx_word' id='word_1_229' title='bbox 612 4148 740 4215; x_wconf 87' lang='lat' dir='ltr'><strong>Vannio</strong></span> <span class='ocrx_word' id='word_1_230' title='bbox 764 4148 946 4232; x_wconf 75' lang='lat' dir='ltr'><strong>perfugium</strong></span> <span class='ocrx_word' id='word_1_231' title='bbox 970 4145 1161 4230; x_wconf 88' lang='lat' dir='ltr'><strong>promittens,</strong></span> 
     </span>
    </p>
   </div>
   <div class='ocr_carea' id='block_1_7' title="bbox 0 0 1519 4875">
    <p class='ocr_par' dir='ltr' id='par_1_9' title="bbox 0 0 1519 4875">
     <span class='ocr_line' id='line_1_34' title="bbox 0 0 1519 4875; baseline 0 0"><span class='ocrx_word' id='word_1_232' title='bbox 0 0 1519 4875; x_wconf 95' lang='lat' dir='ltr'><strong> </strong></span> 
     </span>
    </p>
   </div>
  </div>
 </body>
</html>
