2959 4875
485 328 548 397 EX
569 328 805 399 HISTORIIS
1112 331 1154 399 st

219 511 373 575 Proxima
387 506 520 588 legionis
538 506 658 589 primae
675 509 809 570 hiberna
828 518 916 572 erant
938 521 968 573 et
988 510 1155 593 promptis·
1172 523 1240 587 1,5t

131 626 231 688 simus
253 647 272 687 e
292 625 400 705 legatis
420 623 539 685 Fabius
558 625 686 688 Valens.
730 624 757 687 is
778 624 827 687 dis
847 628 994 707 proxinto
1016 626 1047 689 in
1071 628 1156 690 colo-

131 741 219 803 niam
247 740 500 821 agrippinensem
529 759 598 802 cum
629 738 788 821 equitibus
819 740 949 821 legionis
974 739 1156 802 auxiliario·

131 876 269 939 rumque
309 874 433 935 gressus
473 853 695 933 imperatorem
733 853 897 917 Vitelliam
944 855 1157 921 consalutauit.

132 982 258 1032 secutae
288 968 407 1048 ingenti
436 952 604 1028 certamine
632 964 771 1045 ejusdem
798 967 979 1049 provinciae
1008 971 1155 1051 legiones,

134 1096 165 1145 et
193 1082 342 1163 superior
370 1080 543 1156 exercitus,
571 1082 719 1161 speciosis
749 1094 873 1144 senatus
905 1084 1078 1165 populique
1102 1104 1155 1147 ro-

133 1196 220 1258 mani
240 1194 422 1257 numiuibus
442 1183 575 1271 relictis,
601 1197 729 1258 tertium
749 1216 851 1259 nonas
871 1200 1029 1275 januarias
1053 1200 1154 1261 Vitel-

133 1311 177 1371 lio
201 1309 338 1373 accessit.
381 1310 475 1370 scires
501 1309 591 1371 illum
619 1310 732 1392 priore·
753 1306 851 1371 biduo
876 1330 942 1373 non
965 1331 1062 1391 penes
1088 1334 1154 1375 rem

133 1418 292 1508 publicam
324 1424 431 1486 fuisse.
488 1421 644 1487 Ardorem
679 1426 872 1489 exercituum
903 1428 1154 1510 Agrippinenses,

133 1539 289 1617 Treveri,
301 1537 461 1619 Lingones
481 1538 674 1619 aequabant,
696 1538 827 1616 auxilia,
850 1559 958 1621 equos,
981 1560 1078 1618 arma,
1097 1562 1154 1622 pe-

134 1658 243 1721 cunias
264 1647 450 1731 offerentes,
477 1667 513 1718 ut
536 1655 671 1739 quisque
693 1674 844 1737 corpore,
870 1657 1001 1737 opibus,
1027 1655 1153 1737 ingenio

131 1770 267 1834 salidus.
307 1750 366 1829 nec
385 1769 542 1849 principes
560 1765 657 1829 modo
677 1768 873 1832 coloniarum
897 1781 951 1832 aut
971 1784 1153 1851 castrorum,

132 1889 254 1970 quibus
276 1884 451 1966 praesentia
472 1904 513 1946 ex
535 1882 678 1946 affluenti
706 1896 737 1946 et
759 1898 850 1966 parta
870 1886 1002 1950 victoria
1022 1908 1152 1967 magnae

130 2023 224 2083 spes,
245 1999 302 2062 sed
320 1998 472 2080 manipuli
487 2017 616 2080 quoque
633 2010 664 2058 et
678 1999 837 2077 gregarius
856 2000 944 2063 miles
963 2002 1074 2065 viatica
1096 2024 1154 2065 sua

133 2128 165 2176 et
183 2116 303 2176 balteos
321 2112 540 2194 phalerasque,
561 2107 694 2189 insignia
713 2131 874 2173 armorum
895 2126 1021 2193 argento
1041 2112 1153 2179 decora

131 2234 207 2293 Ioco
223 2230 373 2310 pecuniae
388 2215 555 2288 tradebant
573 2227 721 2288 instinctu
739 2218 773 2289 et
786 2214 905 2309 Impetu
923 2240 954 2291 ct
972 2228 1111 2305 avaritias.

219 2330 317 2423 Igitur
339 2339 469 2402 laudata
495 2329 629 2400 militum
659 2340 816 2402 alacritate
838 2341 985 2405 Vitellios
1013 2343 1152 2407 ministe·
1168 2359 1195 2423 1,
1203 2359 1240 2409 ⁶8

130 2461 182 2522 ria
204 2457 398 2540 principatus
423 2479 481 2538 per
508 2457 637 2518 libertos
665 2458 715 2538 agi
740 2459 832 2520 solita
852 2458 885 2520 in
908 2461 1027 2542 equites
1049 2481 1153 2524 roma-

130 2592 193 2635 nos
215 2570 368 2653 disponit,
390 2569 567 2634 vacationes
589 2570 824 2633 centurionibus
845 2593 885 2634 ex
904 2572 979 2637 fisco
1001 2590 1154 2653 numerat,

130 2687 293 2749 saevitiam
323 2685 457 2746 militnm
487 2687 655 2767 plerosque
684 2683 724 2746 ad
745 2669 890 2768 ¹poenam
919 2688 1153 2768 exposcentium

130 2803 257 2883 saepius
285 2802 456 2881 approbat,
491 2802 606 2882 partim
625 2802 833 2875 tsisuulatione
861 2802 1059 2866 vinculorum
1086 2803 1152 2864 fru-

132 2932 260 2982 stratur.
302 2920 472 2999 Pompeius
492 2900 696 3001 Propinquus
718 2931 907 2998 procurator
929 2920 1071 2998 Belgicae
1091 2931 1152 2982 sta·

130 3032 187 3094 tim
217 3033 410 3094 interfectam.
464 3030 581 3091 Julium
610 3030 796 3095 Burdonem
825 3032 1019 3113 germanicae
1048 3032 1152 3096 classis

131 3127 326 3228 praelectum
348 3157 414 3207 astu
437 3145 602 3206 subtraxit.
646 3158 805 3206 exarserat
828 3146 862 3205 in
890 3166 962 3208 eum
991 3143 1152 3208 iracundia

23 3334 24 3341 ἵ
132 3263 308 3337 exercitus,
345 3244 496 3342 tanquam
530 3261 647 3323 crImsn
681 3281 716 3321 ac
747 3279 824 3322 mox
858 3258 986 3322 insidias
1019 3259 1151 3338 Fonteio

132 3374 280 3455 Capitoni
300 3375 473 3436 struxisset.
515 3375 608 3452 grata·
627 3385 700 3454 erat
727 3375 880 3436 memoria
909 3373 1089 3457 CapitonIs,
1122 3387 1152 3436 et

23 3500 24 3511 ¹
130 3487 217 3571 aputl
238 3489 413 3551 saevientes
434 3483 575 3548 occidere
600 3488 720 3567 palam,
739 3469 901 3569 Ignoscere
924 3509 990 3551 non
1011 3487 1072 3550 nisi
1092 3489 1151 3548 fal·

129 3597 226 3661 lando
246 3598 371 3659 licebat.
411 3595 457 3658 ita
479 3596 514 3656 in
538 3595 686 3658 custodia
701 3597 827 3660 habitus
849 3608 971 3680 etpost
990 3597 1150 3660 victoriam

23 3770 24 3783 ,
130 3701 259 3773 demum
284 3711 388 3771 stratis
407 3714 472 3787 jam
492 3701 739 3773 mititum'otiis·
754 3709 898 3774 dimissus
923 3723 979 3772 est.
1020 3707 1150 3770 interius

129 3839 166 3888 ut
183 3827 346 3908 piaculum
370 3824 516 3902 objicitur
538 3811 679 3889 centurio
702 3824 877 3908 Crispinus
917 3821 1067 3904 sanguine
1089 3820 1149 3884 Ca·

127 3941 246 4023 pitonis
271 3961 305 4002 se
328 3933 544 4003 cratentaverat
575 3929 677 4025 eoque
706 3956 737 4006 et
766 3940 996 4027 postulantibus
1019 3941 1149 4004 manile·

128 4061 209 4120 stior
229 4071 261 4120 et
283 4058 429 4139 punienti
451 4057 545 4122 vilior
565 4059 635 4121 luit.
