2959 4875
407 897 838 973 GERMANIA.

38 1185 40 1212 ¹
116 1108 309 1243 Germania
329 1173 430 1236 omnis
450 1197 468 1236 a
487 1172 585 1236 Gallis
598 1173 769 1258 Raetisque
787 1189 818 1240 et
833 1180 1004 1242 Pannoniis
1018 1180 1131 1243 Rheno
1146 1194 1159 1241 1

38 1323 40 1378 ;
117 1299 146 1346 et
161 1285 307 1350 Danubio
326 1285 520 1368 fluminibus,
539 1313 557 1352 a
574 1287 724 1354 Sarmatis
743 1291 900 1376 Dacisque
917 1307 1027 1357 mutuo
1046 1308 1131 1357 metu

38 1401 39 1406 ’
118 1415 169 1464 aut
189 1405 347 1466 montibus
369 1417 542 1486 separatur.
585 1417 687 1468 cetera
712 1428 846 1470 oceanus
870 1410 968 1473 ambit
986 1412 1067 1474 latos
1089 1411 1131 1472 si·

116 1541 174 1581 nus
203 1534 232 1584 et
259 1520 436 1582 insularum
464 1521 617 1582 immensa
643 1520 744 1602 spatia
772 1525 995 1603 complectens,
1029 1545 1131 1604 nuper

38 1623 40 1634 ’
117 1636 239 1715 cognitis
269 1631 458 1718 quibusdam
487 1635 631 1714 gentibus
664 1656 700 1696 ac
730 1638 873 1716 regibus,
905 1657 994 1734 quos¹
1013 1638 1131 1699 bellum

116 1750 244 1829 aperuit.
286 1749 417 1810 Rhenus
443 1748 628 1810 raeticarum
659 1750 778 1831 alpium
803 1752 961 1813 inaccesso
983 1773 1018 1813 ac
1038 1772 1131 1832 prae·

116 1862 196 1942 cipiti
222 1863 338 1926 vertice
360 1875 446 1924 ortus
476 1862 599 1926 modico
626 1862 711 1926 flexu
737 1867 773 1926 in
803 1865 995 1928 occidentem
1020 1887 1131 1930 versus

115 1977 348 2058 septentrionali
367 1997 485 2039 oceano
509 1977 665 2039 miscetur.
712 1978 882 2041 Danubius
908 1981 996 2042 molli
1017 1993 1049 2042 et
1069 1981 1130 2043 cle·

115 2107 232 2157 menter
254 2091 338 2156 edito
358 2095 472 2158 montis
491 2094 645 2156 Abnobae
665 2097 739 2173 jugo
761 2094 878 2155 effusus
898 2098 1006 2176 plures
1027 2116 1130 2176 popu·

115 2207 259 2286 insedit,
291 2206 391 2271 donec
419 2209 454 2268 in
481 2209 644 2289 ponticum
665 2227 753 2268 mare
773 2227 831 2272 sex
850 2208 1006 2270 meatibus
1026 2227 1130 2270 erum·

114 2336 183 2404 pat:
211 2322 376 2404 septimum
397 2342 433 2383 os
453 2319 621 2403 paludibus
644 2317 801 2385 hauritur.

194 2442 283 2523 Ipsos
315 2440 490 2502 Germanos
521 2436 683 2518 indigenas
716 2439 901 2505 crediderim
940 2444 1162 2529 minimequstt

114 2564 242 2625 aliarum
273 2562 411 2642 gentium
440 2560 625 2625 adventibus
657 2573 690 2623 et
717 2562 861 2643 hospitiis
890 2566 1023 2642 mixtos,
1056 2566 1131 2648 quia

116 2701 170 2741 nec
197 2692 282 2741 terra
308 2682 383 2740 olim
412 2676 466 2741 sed
494 2680 642 2743 classibus
673 2675 911 2741 advehebantur
931 2679 987 2762 qui
1007 2692 1130 2743 mutare

115 2794 198 2858 sedes
220 2797 429 2879 quaerebant,
457 2806 488 2855 et
509 2795 679 2856 immensus
705 2795 790 2854 ultra
810 2806 909 2875 utque
931 2794 974 2855 sic
995 2792 1130 2856 dixerim

114 2911 258 2975 adversus
287 2930 422 2972 oceanus
451 2909 530 2969 raris
559 2909 598 2969 ab
629 2910 706 2970 orbe
728 2918 840 2969 nostro
862 2908 994 2970 navibus
1017 2908 1130 2970 aditur.

40 3062 41 3066 =
114 3025 182 3108 quis
210 3044 308 3106 porro
336 3035 462 3105 praeter
492 3022 668 3104 periculum
697 3021 820 3085 horridi
849 3036 880 3085 et
906 3024 1005 3103 ignoti
1035 3024 1130 3086 maris

112 3144 184 3203 Asia
215 3153 271 3203 aut
300 3140 406 3202 Africa
436 3152 491 3202 aut
520 3140 609 3203 Italia
635 3140 745 3201 relicta
773 3139 974 3201 Germaniam
1002 3149 1130 3218 peteret,

41 3240 42 3257 ¹
111 3256 277 3318 informem
297 3256 407 3331 terris,
442 3274 583 3336 asperam
606 3253 711 3329 coelo,
738 3251 858 3315 tristem
879 3251 964 3313 cultu
988 3262 1130 3333 aspectu·

111 3392 188 3453 que,
214 3370 275 3431 nisi
296 3369 323 3431 si
343 3370 445 3450 patria
466 3364 528 3431 siet

194 3483 363 3545 Celebrant
393 3481 582 3545 carminibus
615 3482 769 3565 antiquis,
799 3480 887 3566 quod
915 3504 1015 3546 unum
1043 3481 1160 3564 apuds

42 3656 44 3676 ,
108 3600 177 3661 illos
199 3597 369 3659 memoriae
393 3608 424 3657 et
444 3596 604 3657 annalium
625 3616 723 3675 genus
749 3595 805 3673 sit,
824 3596 1016 3660 Tuistonem
1037 3594 1130 3657 dettm

110 3727 191 3775 terra
216 3710 333 3772 editum
356 3710 508 3771 etlilium
529 3709 698 3788 Mannum,
727 3709 879 3791 originem
903 3711 1002 3790 gentis
1022 3707 1132 3770 condi-

108 3840 267 3909 toresque.
309 3824 431 3887 Manno
451 3839 513 3887 tres
537 3825 619 3889 filios
643 3826 811 3904 assignant,
832 3848 850 3887 e
872 3845 1009 3907 qnorum
1029 3828 1132 3889 nomi-

43 3930 44 3941 *
107 3941 201 4001 nibus
231 3937 371 4021 proximi
402 3958 519 4002 oceano
550 3940 761 4019 Ingaevones,
790 3936 886 3999 medii
913 3937 1133 4021 Herminones,

108 4055 205 4115 ceteri
225 4055 410 4117 Iscaevones
438 4067 600 4120 vocentur,
645 4051 790 4137 quidam,
821 4064 858 4115 ut
879 4054 914 4115 in
932 4055 1057 4117 licentia
1078 4075 1133 4118 ve·

44 4184 45 4193 ¹
105 4166 246 4245 tustatis,
270 4170 377 4249 plures
401 4166 461 4230 deo
480 4180 567 4231 ortos
585 4168 757 4252 pluresque
778 4170 879 4249 gentis
898 4166 1133 4247 appellationes,

856 4288 871 4342 l
