2959 4875
1424 190 1425 271 i

377 396 436 457 ne
717 393 778 461 nx
805 392 1037 463 nrsronus

374 584 486 627 mores.
536 565 625 627 illum
657 542 738 629 diem
773 580 827 629 aut
859 565 1115 647 gloriosissimum
1140 568 1229 631 inter
1258 569 1394 647 maiores

373 692 428 741 aut
447 676 690 757 ignominiosum
712 676 796 761 apud
816 691 962 762 posteros
981 681 1060 743 fore.
1101 680 1165 754 Ubi
1187 699 1266 744 sono
1288 701 1395 743 armo·

373 814 445 855 rum
474 793 683 878 tripudiisque
713 793 770 880 (ita
797 795 859 859 illis
885 791 969 880 mos)
1000 799 1173 880 approbate
1200 808 1274 861 sunt
1302 795 1396 877 dicta,

374 910 457 972 saxis
479 909 707 993 glandibusque
729 923 761 973 et
788 912 897 975 ceteris
917 912 1085 977 missilibus
1107 911 1263 995 proelium
1282 911 1397 993 incipi-

374 1036 442 1101 tur,
475 1044 579 1107 neque
600 1036 709 1087 nostro
733 1023 832 1086 milite
852 1022 999 1107 paludem
1019 1023 1228 1108 ingrediente,
1261 1034 1291 1087 et
1316 1023 1396 1087 Ger·

373 1137 472 1199 titanis
497 1151 532 1200 ut
552 1139 699 1200 elicerent
719 1138 952 1205 lacessentibus.

292 1268 362 1329 sto
457 1252 639 1333 Absumptis
660 1272 742 1334 qaas
762 1256 921 1331 jaciuntur
941 1266 972 1317 et
992 1250 1172 1317 ardescente
1193 1264 1297 1333 pugna
1321 1269 1396 1331 pro·

375 1383 501 1428 cursum
518 1366 558 1425 ab
574 1366 663 1427 hosts
681 1364 836 1429 infestius.
877 1366 1037 1429 immensis
1055 1364 1242 1445 corporibus
1257 1374 1288 1423 et
1301 1383 1396 1444 prae·

374 1478 476 1559 longis
494 1479 592 1541 hastis
613 1477 788 1542 fluitantem
808 1478 1028 1564 labantemque
1049 1478 1178 1541 militem
1204 1473 1329 1537 eminus
1349 1475 1396 1536 fo·

376 1588 519 1654 diebant:
550 1591 643 1653 simul
671 1594 795 1654 emole
825 1612 921 1675 quem
943 1589 1087 1655 eductam
1106 1590 1140 1652 in
1165 1590 1313 1651 Rhenum
1336 1600 1397 1649 ret-

376 1706 504 1768 tulimus
521 1707 748 1771 Bructerorum
769 1728 887 1772 cuneus
906 1711 1083 1773 transterit.
1123 1707 1264 1769 Turbata
1280 1704 1330 1767 ibi
1348 1724 1397 1767 res

375 1829 406 1877 et
426 1820 602 1898 pellebatur
628 1821 783 1883 sociarum
810 1823 987 1887 cohortium
1011 1823 1107 1901 acies,
1139 1842 1238 1905 quum
1258 1820 1397 1901 legiones

375 1950 513 2012 pugnam
540 1932 703 2015 excipiunt
730 1953 960 2019 suppressaque
990 1936 1127 1999 hostium
1154 1933 1273 1999 ferocia
1301 1954 1398 2015 proe-

374 2044 453 2107 lium
474 2059 637 2130 aequatur.
677 2048 766 2111 Inter
789 2068 869 2131 quae
891 2050 1023 2132 perfuga
1042 2051 1175 2113 batavus
1196 2047 1274 2112 adiit
1290 2047 1398 2111 Ceria-

375 2160 437 2221 lem
458 2173 545 2243 terga
565 2162 703 2225 hostium
723 2165 921 2245 promittens,
945 2161 972 2227 si
994 2175 1135 2227 extremo
1156 2160 1280 2246 paludis
1302 2183 1399 2246 eques

377 2276 568 2338 mitteretur:
603 2276 737 2340 solidum
767 2276 822 2339 illa
854 2290 886 2340 et
918 2277 1083 2358 Gugernos
1112 2277 1227 2361 quibus
1256 2275 1400 2339 custodia

377 2388 554 2449 obvenisset
573 2394 687 2469 parum
708 2386 858 2452 intentos.
899 2387 979 2453 duae
1001 2391 1069 2454 alae
1087 2410 1157 2455 cum
1174 2389 1303 2472 perfuga
1322 2389 1401 2461 mis·

377 2518 429 2561 sae
452 2499 580 2563 incauto
606 2501 690 2564 hosti
717 2500 1022 2566 circumfunduntur.
1065 2501 1153 2588 quod
1176 2500 1232 2565 ubi
1258 2501 1400 2564 clamore

377 2612 534 2692 cognitum
556 2613 733 2707 legionesa
755 2615 860 2677 fronte
879 2613 1051 2680 incubuere
1079 2617 1225 2700 pulsique
1248 2615 1402 2678 Germani

376 2728 523 2790 Rhenum
556 2727 631 2807 iuga
657 2730 816 2809 petebant.
864 2728 1065 2791 Debellatum
1095 2749 1133 2800 eo
1161 2726 1211 2792 die
1240 2729 1342 2808 foret,
1374 2730 1400 2793 si

375 2863 506 2905 romana
529 2842 634 2905 classis
656 2842 746 2925 sequi
768 2854 964 2906 maturasset.
1013 2863 1054 2906 ns
1078 2863 1175 2928 eques
1199 2841 1329 2927 quidem
1351 2845 1401 2908 in·

376 2956 452 3018 stitit
471 2969 602 3038 repente
625 2957 702 3020 fissis
722 2956 877 3022 imbribus
901 2968 932 3020 et
951 2956 1133 3040 propinqua
1150 2969 1259 3022 nocte.

290 3079 362 3141 s,1s
459 3070 588 3132 Postera
609 3067 660 3131 die
677 3081 789 3152 quarte
810 3065 940 3134 decuma
956 3070 1036 3151 legio
1053 3070 1090 3134 in
1107 3071 1304 3154 superiorem
1323 3093 1402 3154 pro·

376 3180 510 3245 vinciam
532 3182 623 3246 Gallo
642 3185 748 3248 Annio
772 3185 883 3248 missa:
917 3183 1046 3248 Cerialis
1073 3185 1245 3250 exercitum
1269 3185 1402 3250 decuma

376 3314 417 3355 ex
440 3294 592 3377 Hispania
617 3295 699 3376 legio
721 3297 890 3379 supplevit.
935 3294 1028 3361 civiti
1052 3277 1250 3362 Cauchorum
1282 3301 1403 3363 auxilia

379 3429 502 3472 venere.
545 3430 610 3474 nou
638 3423 742 3475 tanton
773 3427 867 3476 ausus
896 3411 1047 3495 oppidum
1078 3413 1272 3477 Batavorum
1306 3419 1403 3480 armis

376 3524 471 3602 tueri,
491 3524 589 3608 raptis
612 3546 694 3610 quae
714 3526 792 3592 ferri
812 3538 973 3609 poterant,
995 3527 1104 3591 ceteris
1125 3526 1240 3605 injecto
1263 3528 1346 3610 igni,
1369 3532 1404 3594 in

373 3641 509 3704 insulam
530 3642 696 3720 concessit,
721 3653 838 3722 gnarus
859 3639 966 3708 deesse
985 3661 1082 3708 naves
1101 3639 1265 3706 efficiendo
1289 3645 1399 3724 ponti,

374 3779 477 3842 noque
500 3757 672 3820 exercitum
697 3779 864 3825 romanum
888 3758 980 3821 aliter
1005 3757 1268 3822 transmissurum.
1312 3761 1399 3842 quin

375 3889 404 3937 et
427 3874 522 3936 diruit
543 3875 656 3940 molem
677 3896 696 3936 a
721 3877 831 3938 Druso
855 3872 1041 3938 Germanico
1071 3873 1202 3952 iactam,
1231 3871 1400 3936 Rhenum·

375 4009 436 4069 que
458 4007 561 4069 prono
582 3989 671 4051 alreo
692 3987 726 4050 in
750 3988 882 4050 Galliam
904 3997 1046 4048 ruentem
1068 3980 1202 4062 disjectis
1225 4004 1307 4068 quae
1331 4005 1402 4048 mo·

375 4102 528 4162 rebantur
555 4100 677 4164 effudit.
725 4103 770 4164 sic
795 4102 887 4176 velut
903 4103 1012 4164 abacto
1041 4119 1132 4163 etune
1161 4101 1264 4162 tenuis
1293 4101 1403 4166 alveus
