2959 4875
473 443 535 512 tex
557 441 813 512 ANNALIBUS
1107 447 1152 516 te

126 629 216 714 poris
237 641 270 690 et
287 626 406 708 impetu
429 623 502 708 eqni
520 623 666 706 pervasit,
688 623 804 687 oblitus
828 623 938 686 faciem
959 642 1152 688 suocmore

128 768 168 808 ne
189 754 384 808 nosceretur.
427 736 555 822 quidam
578 737 716 817 agnitmn
736 759 756 800 s
780 735 914 800 Cauchis
934 736 1018 800 inter
1035 739 1153 802 auxilia

128 877 262 921 romana
292 853 455 934 agentibus
483 851 691 932 onustumque
719 847 925 913 tradiderunt.
970 851 1070 915 virttis
1096 873 1153 916 seu

128 972 217 1036 fraus
247 965 356 1031 eadem
385 966 584 1046 Inguiomero
614 965 765 1046 effugium
789 962 891 1028 dedit:
923 968 1018 1029 ceteri
1037 968 1154 1048 passim

21 1107 22 1156 t
130 1084 287 1151 trucidati.
331 1096 362 1146 et
390 1083 560 1164 plerosque
589 1094 715 1144 tranare
743 1080 903 1162 Visurgim
924 1068 1076 1144 ¹conantes
1103 1082 1154 1143 in·

129 1206 209 1278 jecta
227 1200 290 1260 tela
311 1210 365 1262 ant
385 1195 432 1259 vis
456 1193 612 1272 fluminis,
640 1207 800 1276 postremo
821 1197 920 1259 moles
943 1194 1104 1259 ruentium
1124 1208 1155 1258 et

130 1310 303 1374 incidentes
321 1308 411 1392 ripae
432 1327 597 1390 operuere.
640 1305 769 1390 quidam
787 1306 871 1393 turpi
886 1310 960 1390 fuga
979 1309 1014 1371 in
1033 1331 1155 1372 summa

131 1428 284 1490 arborum
309 1423 371 1486 nisi
390 1423 547 1508 ramisque
568 1443 601 1486 se
622 1426 813 1490 occultantes
835 1422 968 1488 admotis
990 1424 1155 1507 sagittariis

131 1559 190 1621 per
220 1531 394 1601 ludibrium
421 1535 616 1618 figebantur:
654 1538 732 1602 alios
764 1551 914 1619 prorutae
948 1541 1078 1604 arbores
1108 1541 1156 1602 af·

131 1654 252 1718 dixere.
292 1653 410 1734 Magna
430 1674 467 1715 ce
488 1654 620 1746 uictoria
642 1673 745 1736 neque
768 1665 898 1716 cruenta
918 1654 1012 1716 nobis
1032 1654 1102 1717 luit.

218 1763 337 1844 Quinta
359 1769 399 1831 ab
420 1769 501 1830 hora
522 1764 586 1828 dici
613 1763 653 1828 ad
674 1779 799 1830 noctem
819 1767 900 1829 caesi
921 1768 1028 1831 hostes
1047 1765 1242 1843 decemnts

130 1883 231 1948 millia
251 1903 400 1966 passuum
421 1880 626 1946 cadaveribus
648 1895 742 1966 atque
768 1883 861 1946 armis
886 1883 1073 1964 opplevere,
1104 1903 1156 1944 re·

131 2001 233 2082 pertis
254 2000 336 2060 inter
356 1998 454 2080 spolia
475 2019 587 2063 eorum
612 1999 744 2076 eatenis,
774 2018 854 2082 quas
880 2000 913 2063 in
939 2000 1099 2061 Romanos
1121 2008 1157 2060 ut

133 2136 200 2179 non
230 2113 327 2181 dubio
356 2127 470 2177 eventu
498 2125 712 2196 portaverant.
757 2111 851 2175 Miles
879 2113 913 2173 in
940 2115 1012 2174 loco
1042 2109 1157 2192 proelii

133 2230 298 2292 Tiberium
319 2226 542 2308 imperatorem
571 2226 717 2290 salutavit
740 2223 917 2309 struxitque
940 2243 1099 2304 aggerem,
1126 2235 1158 2284 et

135 2344 168 2406 in
196 2341 325 2405 modum
352 2355 556 2422 tropaeorum
585 2362 672 2405 arma
701 2337 885 2424 subscriptis
911 2338 1063 2406 siderum
1083 2357 1158 2419 gen·

134 2459 212 2520 tium
232 2456 412 2522 nominibus
435 2457 593 2538 imposuit.

163 2641 165 2649 y
219 2568 314 2632 Haud
343 2567 476 2652 perinde
507 2570 683 2634 Germanos
709 2571 859 2649 vtrlnera,
890 2570 1007 2643 luctus,
1037 2562 1243 2651 excidiaqto

137 2708 231 2769 quam
254 2707 291 2749 ea
312 2684 431 2765 species
452 2683 561 2747 dolore
584 2698 614 2747 et
634 2686 683 2747 ira
703 2685 816 2749 affecit.
864 2684 921 2769 qui
945 2682 1041 2746 modo
1070 2684 1158 2745 abire

136 2800 280 2878 aedibus,
303 2812 390 2863 nans
412 2798 517 2863 Albim
544 2798 719 2863 concedere
745 2801 914 2882 parabant,
941 2817 1080 2878 pugnam
1100 2815 1159 2857 vo·

136 2916 220 2993 lunt,
250 2935 336 2977 arma
355 2914 500 2995 rapiunt:
531 2916 656 2995 plebes,
684 2913 857 2995 primores,
870 2888 1040 2993 iuventus,
1068 2888 1159 2973 senes

137 3052 245 3113 agmen
269 3050 434 3093 romanum
457 3044 586 3112 repente
609 3030 788 3109 incursant,
818 3031 956 3094 turbant
999 3040 1159 3109 postremo

21 3196 22 3253 ἰ
137 3147 275 3227 deligunt
304 3147 410 3209 loctun
432 3143 570 3209 -flumine
605 3160 636 3209 et
670 3146 756 3208 silvis
785 3146 943 3220 clausum,
980 3153 1048 3201 arta
1075 3139 1160 3201 intus

21 3312 23 3347 r
136 3261 265 3341 planitie
287 3270 317 3321 et
336 3258 482 3321 humida:
513 3258 607 3319 silvas
638 3276 767 3341 quoque
796 3251 959 3337 profunda
983 3252 1073 3335 palus
1095 3271 1161 3312 am·

137 3378 240 3454 bibat,
271 3375 333 3437 nisi
354 3373 441 3457 quod
459 3377 541 3436 latus
562 3394 663 3435 unum
683 3372 952 3454 Anngvariilato
973 3390 1084 3451 aggere
1105 3388 1161 3431 ex·

21 3508 23 3531 ¹
137 3494 289 3569 riderent,
313 3511 418 3573 quoa
443 3488 608 3553 Cheruscis
633 3488 866 3554 dirimerentur.
912 3488 964 3551 hic
986 3484 1083 3569 pedes
1104 3482 1161 3546 ad·

21 3666 23 3681 ‚
138 3604 231 3668 stitite
267 3602 404 3687 equitem
424 3602 614 3685 propinquis
635 3602 713 3665 lucis
732 3617 858 3684 texere,
887 3615 923 3665 ut
940 3598 1087 3682 ingressis
1107 3596 1162 3657 sil·

137 3742 209 3784 vam
230 3719 406 3801 legionibus
427 3740 446 3780 a
465 3731 552 3799 tergo
573 3720 667 3783 foret.
776 3736 780 3740 ’

223 3836 314 3899 Nihil
344 3856 384 3898 ex
414 3836 465 3898 his
494 3836 610 3899 caesari
639 3832 852 3913 incognitum:
885 3829 1033 3909 consilia,
1065 3828 1162 3907 locos,
1175 3854 1251 3917 22⁰

138 3964 303 4033 prompta,
338 3952 459 4014 occulta
481 3961 630 4027 noverat,
665 3962 812 4030 astusque
835 3947 972 4009 hostium
992 3947 1027 4009 in
1055 3946 1163 4028 perni-

138 4068 217 4129 cie'm
239 4066 316 4147 ipsis
340 4067 492 4129 vertebat.
541 4064 613 4143 Seio
635 4063 799 4126 Tuberoni
822 4064 923 4143 legato
950 4058 1045 4123 tradit
1074 4058 1164 4143 equi·

136 4191 199 4239 tem
227 4199 452 4263 campumque,
483 4179 624 4261 peditum
653 4179 751 4243 aciem
772 4179 814 4241 ita
840 4177 1006 4257 instruxit,
1035 4188 1069 4238 ut
1090 4194 1163 4255 pars
