2959 4875
334 447 377 515 34
674 441 736 508 ux
761 437 1012 507 ANNALIBUS

250 635 320 698 uel
419 618 552 683 Barbari
582 617 774 700 perfringere
803 616 949 679 stationes
977 635 1073 697 seque
1102 614 1219 677 inferre
1252 617 1363 679 muni·

333 733 453 797 toribus
478 732 539 794 uisi
559 734 722 806 lacessunt,
746 725 1057 808 circumgrediuntur,
1079 741 1252 792 occursant.
1296 731 1361 792 mi-
1465 728 1467 741 '

333 862 435 912 scetus·
458 849 656 930 operantium
678 843 925 927 bellantiumque
949 845 1075 904 elamor.
1119 854 1150 904 et
1169 858 1281 906 cuncta
1299 867 1360 925 pa·

331 963 408 1026 riter
429 962 578 1025 Romanis
600 958 740 1036 adversa,
763 959 851 1021 locus
873 957 990 1036 uligine
1011 952 1182 1037 profunda,
1210 955 1295 1020 idem
1314 958 1357 1019 ad

331 1077 462 1160 gradum
482 1077 652 1154 instabilis,
679 1072 922 1157 procedentibus
943 1071 1101 1150 lubricus,
1130 1091 1262 1153 corpore
1284 1095 1357 1153 gra·

332 1194 382 1258 vin
411 1192 531 1270 loricis,
569 1210 672 1272 neque
703 1190 820 1251 librare
851 1188 915 1269 pila
945 1189 1029 1248 inter
1064 1185 1165 1248 undas
1198 1199 1357 1268 poterent.

332 1307 448 1368 Contra
471 1303 636 1388 Cheruscis
662 1315 751 1364 sueta
780 1299 864 1384 apud
891 1298 1020 1381 paludes
1050 1299 1187 1381 proelio,
1219 1321 1356 1382 procera

331 1423 488 1497 membru,
520 1419 626 1482 hastae
651 1416 792 1497 ingentes
820 1414 858 1478 ad
887 1416 1020 1478 vulnera
1046 1413 1189 1477 facienda
1210 1416 1356 1498 quamvis

332 1537 451 1617 procul.
499 1532 575 1596 Nox
597 1529 724 1593 demum
745 1530 933 1592 inclinantes
952 1534 1015 1607 jam
1040 1527 1178 1608 legiones
1204 1528 1355 1593 adversae

332 1671 454 1734 pugune
477 1648 603 1710 exemit.
644 1643 795 1707 Germani
816 1645 857 1706 ob
876 1663 1030 1725 prospere
1051 1640 1201 1704 indefessi
1221 1663 1261 1704 ne
1284 1655 1355 1720 tum

331 1762 458 1846 quidem
488 1771 611 1840 sumpts
638 1750 743 1840 quiete
774 1770 926 1840 quantum
957 1776 1112 1839 aquarum
1141 1758 1257 1820 circum
1282 1780 1356 1823 sur-

331 1881 473 1960 gentibus
509 1875 589 1954 jugis
628 1872 730 1936 oritur
765 1882 888 1936 vertere
921 1872 957 1932 in
989 1873 1147 1950 subjecte,
1185 1894 1355 1959 mersaque

330 1993 446 2068 humo,
474 2001 506 2050 et
528 1989 642 2050 obruto
668 1983 755 2068 quod
778 1983 923 2046 ellectum
945 1986 1067 2064 operis,
1097 1984 1273 2068 duplicatus
1293 1993 1355 2053 mi-

330 2106 377 2168 liti
399 2107 499 2168 lubor.
552 2096 832 2178 Qundrsgesimum
862 2094 897 2158 id
924 2095 1115 2178 stipendium
1139 2099 1273 2164 Caecina
1295 2125 1353 2183 pa.

331 2218 422 2282 rendi
455 2230 509 2279 nut
537 2210 738 2294 imperitandi
769 2213 905 2273 habebat
912 2257 922 2290 ,
955 2211 1164 2276 secundarum
1193 2219 1353 2298 ambigua.

332 2349 466 2411 rumque
495 2345 600 2388 rerum
631 2324 731 2386 sciens
763 2342 866 2404 eoque
895 2324 1069 2388 interritus.
1120 2327 1217 2408 igitur
1245 2332 1354 2396 futura

332 2444 462 2507 volvens
496 2460 562 2503 non
594 2434 681 2501 eliud
713 2441 870 2519 repperit,
906 2461 1004 2522 quam
1040 2456 1076 2505 ut
1108 2444 1231 2507 hostem
1264 2448 1353 2513 silvis

331 2566 504 2633 coerceret,
532 2551 633 2615 donec
655 2550 770 2629 saucii,
799 2563 1015 2635 quantumque
1037 2555 1191 2634 grevioris
1211 2536 1353 2641 egminis,

331 2670 494 2735 anteirent.
546 2686 620 2729 nom
644 2666 748 2731 medio
769 2669 925 2730 montium
946 2682 978 2730 et
996 2669 1149 2751 paludum
1169 2676 1352 2756 porrigeba.

330 2798 382 2850 tur
403 2786 566 2869 planities,
588 2803 669 2868 quse
690 2796 816 2846 tenuem
840 2784 938 2847 eciem
959 2797 1130 2865 peteretur.
1172 2787 1352 2869 deliguntur

329 2900 484 2981 legiones,
508 2900 619 2985 quisue
640 2897 755 2960 dextro
776 2899 885 2976 lateri,
913 2898 1136 2962 unetvicesima
1155 2903 1191 2963 in
1213 2905 1350 2986 laevum,

328 3012 464 3097 primuni
485 3010 666 3077 ducendum
687 3009 727 3073 ed
748 3032 868 3092 agmen,
893 3012 1100 3077 vicesimanus
1117 3013 1284 3081 adversum
1297 3040 1350 3082 se·

328 3138 468 3193 tuturos.

248 3248 315 3315 μω
413 3240 489 3307 Nox
510 3262 568 3323 per
589 3236 713 3305 diversa
733 3238 869 3323 inquies,
892 3260 992 3325 quum
1012 3243 1142 3307 beromi
1162 3246 1248 3309 festis
1269 3267 1350 3329 epu-

327 3354 374 3431 lis,
394 3355 478 3419 lneto
500 3366 593 3419 cnmu
616 3366 671 3416 am
692 3354 773 3417 truci
792 3374 909 3419 sonore
930 3357 1070 3435 subjecta
1089 3360 1220 3422 vellium
1239 3382 1275 3422 ao
1294 3382 1350 3423 re-

327 3468 470 3532 sultantis
491 3468 586 3531 stitus
608 3468 811 3549 complerent,
832 3468 917 3551 opud
932 3470 1092 3536 Romanos
1106 3472 1238 3538 invalidi
1251 3475 1350 3556 ignes,

326 3582 521 3666 interruptus
550 3602 660 3659 voces,
692 3594 788 3667 etque
813 3582 876 3666 ipsi
904 3587 1023 3668 passim
1049 3586 1228 3667 ediscerent
1254 3592 1348 3667 vello,

325 3698 510 3761 oberrarent
538 3694 701 3773 tentoriis,
734 3698 894 3762 insomnes
921 3702 1019 3781 magis
1046 3724 1143 3786 quem
1171 3706 1349 3786 pervigiles.

324 3808 500 3896 distentque
530 3810 642 3873 tetulit
669 3808 740 3873 dien
768 3812 868 3895 quies.
918 3834 990 3875 nam
1014 3812 1202 3891 Quintilium
1223 3819 1349 3881 vamm

324 3930 474 4008 sunguine
496 3930 628 3992 oblitum
649 3938 681 3991 et
701 3926 870 4012 paludibus
896 3950 1054 3993 emersum
1080 3954 1210 3996 cernere
1235 3947 1267 3997 et
1287 3958 1348 3999 eu-

325 4036 392 4103 dim
414 4044 498 4105 visus
520 4056 566 4106 est
588 4044 673 4105 velut
694 4060 869 4122 rosentem,
897 4059 1092 4108 nontamen
1113 4050 1292 4126 obertum,
1313 4063 1348 4113 et

324 4174 450 4219 uterium
476 4154 664 4218 iuteiuleutis
692 4159 877 4241 reppulisse.
927 4157 1046 4242 Coepta
1072 4162 1144 4225 luce
1170 4164 1283 4224 nissae
1311 4164 1347 4224 iu
