2959 4875
484 409 548 478 EX
571 410 826 480 ANNALIBUS
1126 415 1168 480 39

224 593 325 672 Igitur
354 593 416 653 huc
450 586 595 651 intendit.
650 589 750 652 missis
780 587 820 652 ad
850 612 960 654 census
992 593 1164 656 Galliarum
1181 610 1233 672 Ἀθ

133 711 255 772 Publio
276 706 407 771 Vitellio
432 717 464 767 et
485 703 561 782 Cajo
581 705 687 782 Antio,
711 703 806 767 Silius
828 718 859 768 et
879 708 1010 786 Anteius
1034 724 1064 771 et
1086 709 1164 772 Cae-

135 823 209 883 cina
232 819 434 884 fabricandae
456 819 546 880 classi
568 831 818 899 praeponuntur.
860 822 944 884 mille
974 845 1070 887 naves
1098 827 1163 886 sul·

135 935 232 996 licere
254 935 341 998 visae
369 945 635 1016 properataeque,
667 935 747 996 aliae
777 936 889 999 breves
916 951 1044 1017 augusta
1065 943 1166 1021 puppi

135 1069 299 1131 proraque
327 1061 357 1109 et
384 1051 448 1108 lato
476 1059 586 1124 utero,
616 1068 681 1130 quo
703 1047 826 1110 facilius
850 1047 963 1112 fluctus
985 1053 1165 1127 tolerarent,

137 1160 295 1244 quaedam
316 1163 429 1242 planae
453 1160 583 1238 carinis,
615 1171 651 1220 ut
672 1159 739 1250 sine
762 1182 848 1223 noxa
872 1161 1025 1240 siderent,
1057 1167 1163 1245 plures

138 1276 291 1355 appositis
323 1273 473 1358 utrinque
508 1275 746 1354 gubernaculis,
785 1298 935 1340 converso
969 1293 1004 1339 ut
1035 1292 1163 1359 repente

137 1389 270 1468 remigio
289 1388 362 1450 hinc
377 1389 429 1452 vel
446 1387 533 1450 illinc
552 1389 762 1469 appellerent,
782 1391 899 1452 multae
919 1393 1068 1472 pontibus
1085 1404 1164 1453 stra-

138 1514 196 1583 tae,
217 1523 314 1585 super
336 1524 414 1587 quas
431 1517 588 1566 tormenta
608 1505 807 1581 veherentur,
830 1506 923 1566 simul
944 1518 1035 1585 aptae
1058 1506 1163 1565 feren-

137 1617 185 1680 dis
208 1620 298 1701 equis
319 1630 374 1680 aut
394 1620 597 1680 commeatui:
629 1618 706 1681 velis
727 1616 865 1693 habiles,
894 1619 972 1677 citae
992 1615 1086 1678 remis
1107 1638 1163 1678 au·

135 1732 291 1810 gebantnr
312 1731 469 1793 alacritate
489 1731 622 1793 militum
643 1732 677 1792 in
697 1732 832 1812 speciem
852 1751 887 1791 ac
904 1743 1066 1791 terrorem.
1108 1731 1161 1791 ln-

23 1829 25 1840 ’
134 1846 206 1904 sula
228 1845 439 1917 Batavorum,
460 1844 493 1904 in
517 1849 611 1926 quarn
634 1845 840 1906 convenirent
859 1843 1027 1924 praedicta,
1051 1845 1092 1906 ob
1113 1844 1161 1904 la·
1242 1909 1248 1919 .

134 1954 214 2016 eiles
244 1955 393 2036 appulsus
421 1953 669 2036 accipiendisque
698 1956 796 2037 copiis
826 1968 858 2017 et
887 1955 1160 2018 transmittendum

134 2067 177 2131 ad
204 2071 324 2131 bellum
352 2082 539 2152 opportuna.
580 2069 663 2131 Nam
691 2067 823 2131 Rhenus
850 2091 916 2132 uno
945 2073 1034 2133 alveo
1062 2072 1160 2133 conti·

134 2205 219 2247 nnus
237 2197 292 2248 aut
311 2183 447 2248 modicas
465 2185 584 2246 insulas
601 2184 951 2267 circumveniens'apud
968 2185 1160 2267 principium

134 2301 202 2380 agri
230 2301 337 2362 batavi
363 2301 451 2363 velut
478 2299 512 2360 in
545 2298 625 2363 duos
655 2321 763 2362 amnes
794 2298 961 2380 dividitur,
993 2313 1158 2385 servatque

134 2435 252 2478 nomen
273 2427 304 2477 et
326 2415 509 2479 violentiam
531 2437 657 2495 cursus,
686 2437 750 2499 qua
771 2415 973 2478 Germaniam
994 2416 1159 2496 praevehi·

134 2544 205 2609 tur,
233 2531 334 2594 donec
360 2552 478 2595 oceano
500 2535 682 2612 misceatur,
712 2533 753 2594 ad
776 2535 917 2611 gallicam
941 2535 1043 2614 ripum
1064 2534 1159 2594 latior

133 2657 166 2707 et
186 2643 338 2727 placidior
361 2644 505 2708 affluens.
547 2667 639 2711 verso
661 2658 870 2725 cognomento
892 2648 1044 2709 Vahalem
1068 2667 1157 2709 acco-

133 2764 182 2824 lae
203 2760 327 2825 dicunt:
348 2782 425 2823 mox
445 2762 478 2823 id
501 2783 630 2845 quoque
653 2762 843 2824 vocabulum
863 2774 964 2822 mutat
983 2763 1075 2823 Mosa
1096 2762 1157 2823 flu-

133 2878 231 2954 mine,
260 2882 389 2959 ejusque
410 2877 562 2939 immenso
589 2898 643 2939 ore
666 2873 801 2937 eundem
822 2877 856 2937 in
879 2896 1031 2938 oceanum
1054 2875 1155 2937 effun-

131 2992 225 3056 ditur.
626 2986 628 2991 '

217 3104 279 3168 Sed
301 3126 424 3184 caesar,
452 3105 527 3167 dum
550 3105 720 3187 adiguntur
743 3126 856 3182 naves,
884 3104 995 3166 Silium
1022 3107 1157 3181 legatum
1169 3122 1223 3184 2st

23 3200 24 3213 ἶ
133 3243 203 3282 cum
225 3219 372 3302 expedita
392 3243 487 3285 manu
505 3224 713 3302 irruptionem
735 3221 769 3281 in
788 3220 917 3283 Chattos
939 3220 1041 3280 facere
1059 3220 1156 3295 jubet.

131 3336 197 3415 ipse
220 3335 327 3397 audito
350 3338 510 3399 castellum
538 3338 682 3419 Luppiae
709 3336 834 3398 flunsini
864 3335 1043 3417 appositum
1072 3335 1157 3397 obsi·

131 3449 199 3511 deri
219 3472 277 3513 sex
298 3451 435 3529 legiones
457 3472 495 3513 eo
519 3426 620 3515 duxit.
662 3452 776 3535 Neque
796 3451 873 3514 Silio
894 3453 936 3513 ob
957 3450 1077 3512 subitos
1097 3448 1157 3509 im-

132 3568 204 3627 bres
226 3566 311 3627 aliud
342 3580 445 3629 actum
472 3589 566 3651 quam
595 3582 630 3629 ut
657 3568 813 3631 modicam
841 3566 991 3649 praedam
1021 3579 1052 3627 et
1078 3565 1158 3644 Arpi

23 3738 24 3757 ,
130 3679 282 3760 principis
306 3678 490 3741 Chattorum
514 3685 676 3759 conjugem
699 3666 859 3764 filiamque
881 3689 1023 3761 raperet:
1052 3694 1158 3757 neque

131 3794 249 3857 caesari
271 3796 393 3875 copiam
415 3815 538 3876 pugnae
561 3800 739 3858 obsessores
758 3796 879 3868 fecere,
902 3790 942 3852 ad
963 3790 1078 3849 famam
1101 3785 1157 3848 ad-

128 3922 242 3974 ventus
272 3916 339 3988 ejus
369 3910 491 3994 dilapsi.
545 3912 717 3973 Tumulum
752 3924 857 3971 tamen
887 3927 991 3987 nuper
1019 3905 1157 3968 variaris

127 4028 305 4107 legionibus
335 4042 485 4092 structum
518 4042 548 4090 et
574 4041 711 4092 veterem
739 4045 826 4086 aram
849 4024 958 4085 Druso
982 4023 1071 4083 sitam
1094 4020 1157 4081 dis·

128 4146 277 4217 jecerant.
320 4144 456 4209 restituit
478 4164 580 4222 eram,
603 4142 786 4225 honorique
805 4139 902 4222 patris
924 4137 1068 4222 princeps
1090 4137 1155 4216 ipse
