2959 4875
408 414 417 436 ”
469 416 532 485 [cx
552 413 788 486 HISTORIIS
1077 416 1140 485 lll

126 597 238 660 minem
269 593 347 659 adeo
376 594 412 656 in
444 615 531 657 arma
559 615 698 678 pronum
725 608 761 660 ut
789 616 854 661 non
887 594 972 661 idem
1003 594 1140 678 pretinm

126 715 232 797 quietis
254 733 349 796 quam
370 713 503 794 periculi
523 713 621 779 malit.
664 712 779 798 quodsi
804 713 908 777 statim
936 712 1140 794 congredian-

20 868 21 878 κ
125 844 191 907 tur,
218 830 321 891 nullas
347 848 413 890 esse
434 826 550 891 Ceriali
571 829 632 892 nisi
653 850 670 891 e
691 830 833 913 reliquiis
859 830 1028 910 germanici
1048 852 1139 893 exer·

20 993 21 1002 ,
125 945 200 1007 citus
229 943 368 1023 legiones
399 940 579 1005 foederibus
611 942 785 1005 Galliarum
816 944 989 1006 obstrictas.
1041 942 1138 1027 idque

125 1062 234 1142 ipsum,
254 1055 341 1141 quod
362 1055 552 1118 inconditam
574 1076 678 1139 nuper
699 1057 860 1119 Valentini
881 1078 1010 1121 manum
1031 1073 1140 1124 contra

126 1194 208 1254 spem
226 1192 316 1233 suam
337 1167 485 1246 fuderint,
509 1169 690 1232 alimentum
708 1170 771 1235 illis
794 1170 927 1256 ducique
949 1176 1139 1238 temeritatis.

125 1303 253 1349 ausuros
273 1304 385 1347 rursus
403 1299 615 1368 venturosque
635 1286 669 1346 in
688 1307 801 1349 manus
821 1308 887 1349 non
906 1288 1044 1371 imperiti
1064 1288 1141 1352 ado-

125 1400 304 1478 lescentuli,
332 1402 431 1462 verba
462 1412 496 1464 et
524 1400 692 1464 conciones
720 1421 816 1484 quam
845 1402 965 1465 ferrum
994 1415 1026 1466 et
1055 1426 1142 1467 arma

125 1514 320 1591 meditantis,
345 1510 400 1575 sed
422 1512 530 1577 Civilis
550 1524 582 1575 et
604 1498 751 1577 Classici:
782 1535 863 1598 quos
883 1517 943 1579 ubi
964 1519 1144 1598 aspexerint

123 1628 295 1693 redituram
321 1628 357 1690 in
384 1628 507 1691 animos
534 1626 750 1707 formidinem,
780 1630 885 1709 fugam
907 1630 1084 1713 famemque
1107 1652 1143 1693 ac

122 1744 236 1804 totiens
268 1742 365 1822 captis
392 1738 566 1826 precariam
598 1740 705 1804 vitam.
756 1761 859 1825 neque
897 1744 1053 1809 Treveros
1087 1758 1143 1808 aut

122 1857 285 1937 Lingonas
303 1856 520 1921 benevolentia
541 1855 711 1921 contineri:
730 1870 949 1940 resumpturos
969 1880 1064 1937 arma,
1084 1859 1143 1941 ubi

119 1985 223 2035 metus
244 1954 434 2033 abscesserit.
474 1967 613 2033 Diremit
632 1972 835 2033 consiliorum
856 1971 1066 2036 diversitatem
1084 1994 1140 2053 ap·

119 2090 255 2169 probata
288 2085 417 2148 Tutoris
455 2081 610 2147 sensentia
640 2080 813 2163 Classicus,
849 2086 1014 2170 statimque
1050 2106 1140 2149 exse·

118 2211 272 2284 quuntur,

203 2313 313 2376 Media
332 2310 413 2374 acies
428 2311 519 2375 Ubiis
535 2295 793 2396 Lingonibusque
809 2311 890 2391 data,
913 2311 1024 2378 dextro
1043 2333 1141 2378 cornu
1156 2315 1227 2378 42⁷²

118 2430 266 2493 cohortes
283 2429 487 2502 Batavorum,
509 2431 634 2494 sinistro
653 2432 798 2496 Bructeri
811 2432 1031 2517 Tencterique.
1069 2452 1142 2515 pars

117 2531 298 2622 montibus,
321 2545 380 2604 alia
402 2543 486 2608 viam
510 2543 594 2606 inter
608 2526 841 2628 Mosellamque
861 2545 979 2607 flumen
1000 2557 1063 2606 tam
1083 2547 1144 2606 im·

20 2726 21 2749 ¹
117 2658 250 2740 provisa
271 2657 429 2734 resiluere,
450 2668 486 2719 ut
505 2657 540 2717 in
562 2639 709 2719 cubiculo
728 2679 763 2718 ac
784 2658 900 2720 lectulo
922 2655 1053 2720 Cerialis
1074 2655 1144 2742 (ne-

118 2793 183 2854 que
210 2770 295 2832 enim
316 2783 438 2832 noctem
465 2769 500 2831 in
527 2769 635 2831 eastris
664 2767 783 2854 egerat)
804 2772 938 2851 pugnari
959 2772 1051 2833 simul
1073 2769 1144 2834 vin-

114 2890 211 2971 cique
247 2907 321 2950 suos
357 2886 510 2963 audierit,
542 2887 707 2969 increpans
738 2907 890 2968 pavorem
922 2887 1142 2966 nuntiantium,

115 3000 221 3064 donec
243 3002 390 3063 uniuersa
412 2999 514 3061 clades
535 3000 568 3062 in
592 3002 691 3063 oculis
714 3001 792 3078 fnit,
813 3013 963 3084 perrupta
985 3003 1143 3083 legionum

118 3127 233 3191 castra,
257 3114 320 3175 fusi
345 3099 474 3196 equites,
496 3111 617 3175 medius
640 3112 792 3176 Mosellae
816 3135 897 3194 pons
919 3116 975 3196 qui
993 3116 1144 3178 ulteriora

116 3229 266 3290 coloniae
299 3225 434 3288 adnectit
463 3226 503 3287 ab
533 3213 675 3288 hostibus
702 3225 849 3290 insessos.
892 3225 1023 3289 Cerialis
1043 3227 1145 3289 turbi-

115 3339 165 3404 dis
196 3343 294 3404 rebus
322 3338 498 3422 intrepidus
525 3351 556 3402 et
579 3340 732 3420 fugientes
761 3361 856 3404 manu
883 3343 1063 3420 retrahens,
1095 3341 1146 3403 in-

111 3467 202 3518 tecto
233 3475 367 3535 corpore
395 3466 561 3535 promptus
592 3453 676 3518 inter
706 3455 769 3518 tela
798 3454 881 3517 felici
912 3454 1084 3518 temeritate
1115 3467 1146 3517 et

111 3569 287 3631 fortissimi
313 3574 464 3652 cujusque
494 3590 626 3631 accursu
655 3572 863 3651 reciperatum
890 3583 1019 3650 pontem
1048 3568 1145 3629 electa

109 3703 216 3745 manu
237 3682 382 3746 firmarit.
431 3683 513 3745 Mox
534 3685 568 3744 in
592 3697 692 3746 castra
711 3703 858 3748 reversus
879 3685 1019 3764 palantes
1041 3691 1145 3760 capta·

108 3819 192 3860 rum
223 3796 306 3880 apud
332 3795 507 3862 Novesium
537 3799 748 3881 Bonnamque
776 3798 936 3876 logionum
966 3793 1144 3875 manipulos

108 3927 144 3976 et
177 3935 290 3977 rarum
324 3913 409 3996 apud
440 3916 528 3996 signa
559 3915 689 3977 militem
721 3935 757 3975 ac
787 3931 887 3994 prope
921 3911 1145 3973 circumventas

106 4029 242 4110 aquilas
263 4027 360 4092 videt.
401 4028 549 4090 incensus
571 4027 635 4105 ira,
659 4030 734 4088 ‘non
756 4025 920 4100 Flaccum,
942 4024 1058 4105 inquit,
1078 4041 1158 4098 nou,

20 4116 21 4138 Χ
103 4119 274 4203 Voculam
297 4139 449 4203 deseritis.
492 4141 580 4202 nulla
605 4139 656 4201 hic
677 4137 815 4222 proditio
823 4180 832 4215 ,
859 4157 963 4222 neque
984 4133 1069 4200 aliud
1090 4157 1146 4198 ex·
