2959 4875
326 413 371 481 tto
670 408 735 477 EX
756 406 994 477 HISTORIIS

323 584 363 647 lis
386 578 544 645 distineri:
570 578 598 643 si
617 580 713 661 Alpes
733 578 896 661 praesidiis
917 577 1097 656 firmentur,
1118 576 1231 641 coalita
1250 577 1349 643 liber-

322 712 387 762 tate
410 697 633 778 disceptaturas
661 694 795 774 Gallias,
823 716 918 780 quem
944 694 1061 761 virium
1082 714 1211 759 suarum
1238 696 1349 759 termi-

323 834 401 877 num
421 810 529 874 velint.

238 945 338 1011 ato.
408 926 493 987 Haec
516 921 600 985 dicta
624 922 742 1005 pariter
766 924 974 1004 probataque.
1017 920 1068 982 De
1089 920 1233 1006 reliquiis
1254 923 1348 988 vitel·

322 1043 401 1120 liani
424 1041 576 1104 exercitus
604 1038 799 1103 dubitavere.
841 1038 985 1123 plerique
1012 1035 1245 1102 interficiendos
1274 1060 1347 1103 cen·

324 1161 435 1222 subant
454 1154 613 1233 turbidos,
632 1154 763 1234 infidos,
789 1158 939 1236 sanguine
960 1154 1076 1218 ducum
1096 1158 1246 1237 pollutos.
1288 1156 1347 1219 Vi·

324 1276 366 1339 cit
393 1276 475 1337 ratio
504 1271 669 1355 parcendi,
700 1292 740 1333 ne
769 1274 891 1335 sublata
920 1292 975 1355 spe
1003 1271 1114 1336 veniae
1142 1274 1347 1355 pertinaciam
1464 1226 1465 1293 i

325 1387 539 1453 accenderent.
588 1386 769 1453 alliciendos
801 1388 907 1470 potius
937 1388 970 1451 iu
1001 1386 1190 1452 societatem.
1238 1388 1346 1468 legatis

325 1517 448 1568 tantum
475 1500 635 1587 legionum
660 1501 831 1565 interfectis
861 1502 1346 1583 ceterum1=vulgusconscientia

325 1620 476 1683 scelerum
497 1628 528 1677 et
545 1636 600 1697 spe
616 1614 809 1696 impunitatis
825 1615 914 1677 facile
930 1634 1136 1679 accessurum.
1177 1617 1225 1681 Ea
1243 1618 1347 1700 prima

326 1732 447 1807 consilii
467 1734 579 1806 forma,
598 1729 747 1811 missique
769 1751 827 1811 per
844 1730 959 1793 Gallias
981 1730 1152 1795 concitores
1174 1731 1258 1795 belli.
1303 1734 1347 1797 si·

324 1849 477 1909 mulatum
498 1844 574 1925 ipsis
597 1846 784 1926 obsequium
806 1866 871 1927 quo
891 1846 1097 1909 incautiorem
1113 1846 1267 1909 Voculam
1286 1868 1347 1928 op·

251 2041 255 2047 ⁴
325 1960 507 2042 primerant.
556 1976 614 2018 nec
642 1955 771 2020 defuere
799 1959 855 2040 qui
881 1957 1021 2022 Voculae
1048 1958 1240 2021 nuntiarent.
1290 1958 1346 2023 sed

324 2073 409 2137 vires
437 2068 479 2132 ad
509 2067 717 2136 coercendum
742 2069 872 2135 deerant
899 2071 1157 2154 infrequentibus
1178 2070 1346 2157 infidisque

325 2189 511 2270 legionibus.
558 2187 642 2251 inter
671 2188 833 2268 ambiguos
866 2186 979 2249 milites
1014 2202 1044 2250 et
1072 2190 1209 2252 occultos
1239 2189 1347 2253 hostes

326 2304 480 2385 optimum
501 2320 518 2361 e
539 2300 757 2380 praesentibus
787 2312 872 2363 ratus
901 2314 1012 2365 mutua
1040 2300 1286 2367 dissimulatione
1315 2314 1347 2367 et

325 2416 438 2480 iisdem
465 2415 581 2500 quibus
608 2416 775 2498 petebatur
803 2417 936 2496 grassari
964 2416 997 2476 in
1026 2418 1180 2482 coloniam
1207 2416 1346 2500 agrippi-

324 2551 454 2592 nensem
473 2527 641 2592 descendit.
682 2529 760 2590 l‘lluc
784 2525 933 2592 Claudius
954 2527 1076 2608 Labeo,
1104 2553 1199 2614 quem
1218 2545 1346 2614 captum

324 2657 356 2708 et
379 2657 469 2708 extra
490 2657 679 2709 conventum
700 2641 900 2708 amandatum
924 2643 957 2704 in
972 2644 1090 2708 Frisios
1107 2643 1251 2724 diximus,
1274 2665 1346 2710 cor-

323 2759 425 2841 ruptis
447 2755 646 2835 custodibus,
674 2757 828 2838 perfugit,
855 2757 1074 2838 pollicitusque
1101 2757 1128 2819 si
1154 2757 1346 2839 praesidium

324 2872 467 2948 daretur,
487 2873 607 2935 iturum
630 2870 663 2931 in
686 2870 822 2934 Batavos
844 2882 875 2930 et
895 2871 1049 2950 potiorem
1070 2872 1201 2936 ciuitatis
1224 2887 1347 2954 partem

324 2987 365 3050 ad
393 2987 570 3048 societatem
599 3005 761 3048 romanam
789 2996 1014 3064 retracturum
1052 2995 1176 3067 accepta
1204 2985 1346 3068 peditum

324 3103 529 3185 equitumque
561 3096 684 3160 modica
717 3117 814 3158 manu
848 3096 928 3158 nihil
963 3095 1047 3180 apud
1080 3097 1215 3162 Batavos
1232 3117 1345 3162 ausus

324 3214 477 3298 quosdam
499 3212 691 3288 Nerviorum
711 3213 973 3296 Betasiorumque
997 3212 1031 3275 in
1056 3233 1143 3276 arma
1169 3213 1282 3292 traxit,
1312 3227 1346 3280 et

322 3328 433 3390 furtim
453 3327 550 3408 mapa
569 3347 674 3410 quam
700 3329 783 3390 bello
810 3329 1028 3393 Canninefates
1049 3329 1270 3410 Marsacosque
1292 3328 1345 3390 in-

324 3441 479 3523 cursabat.
518 3440 642 3502 Vocula
672 3439 975 3508 Gallorumfraude
1003 3443 1124 3506 illectus
1151 3439 1192 3504 ‘ad
1219 3441 1358 3506 hostem-

323 3555 494 3624 contendit.

239 3707 309 3771 ψ
406 3673 474 3738 Nec
503 3669 614 3754 procul
642 3668 813 3733 Veteribus
842 3672 967 3750 aberat,
999 3688 1097 3754 quum
1124 3667 1278 3733 Classicus
1308 3689 1345 3730 ac

324 3790 426 3852 Tutor
454 3809 513 3871 per
540 3786 675 3868 speciem
705 3783 891 3868 explorandi
918 3787 1092 3868 praegressi
1118 3805 1191 3848 cum
1212 3783 1345 3846 ducibus

325 3902 555 3967 Germanorum
576 3914 667 3983 pacta
686 3901 858 3966 firmavere.
901 3902 1202 3986 Tumque'primum
1221 3897 1346 3963 discreti

325 4021 540 4100 alegionibus
563 4019 696 4100 proprio
724 4021 809 4084 vallo
837 4030 936 4084 castra
964 4037 1021 4082 sua
1044 4014 1254 4092 circumdant,
1286 4016 1345 4078 ob·

323 4145 456 4198 testante
473 4135 596 4198 Vocula
618 4134 694 4195 ‘non
715 4129 794 4196 adeo
816 4134 971 4196 turbatam
994 4129 1138 4196 ciuilibus
1159 4129 1253 4194 armis
1274 4147 1344 4190 rem
