2959 4875
458 432 519 502 EX
541 432 779 503 HISTORIIS
1065 436 1128 504 107

107 614 189 697 pacis
208 610 373 692 redirent,
397 613 500 675 securi
519 615 608 679 velut
629 615 772 678 conlecto
794 613 895 691 bello,
916 610 1002 697 quod
1023 632 1128 676 roma·

107 752 163 792 nae
193 748 311 791 manus
342 727 548 809 excepissent.
595 726 697 789 Auxit
717 749 755 788 ea
775 746 826 788 res
851 726 1014 789 Gallorum
1036 728 1128 787 obse·

109 843 235 925 quirum
264 862 341 903 nam
369 853 495 921 recepta
522 844 684 919 juventute
719 841 843 903 facilius
869 841 988 903 tributa
1012 841 1129 904 tolera·

109 960 196 1037 vere',
216 958 387 1039 proniores
411 952 452 1017 ad
476 956 594 1033 olfiria,
620 954 707 1039 quod
727 956 964 1038 spernebantur.
1013 955 1056 1015 At
1076 950 1130 1015 ci-

109 1075 176 1135 vilis
199 1085 233 1135 et
253 1071 408 1133 Classicus
429 1072 486 1133 ubi
505 1073 633 1152 pulsum
653 1072 814 1148 Tutorem,
838 1091 943 1133 caesos
964 1071 1130 1147 Treveros,

111 1202 219 1251 cuncta
237 1188 383 1248 hostibus
401 1206 553 1267 prospera
573 1205 742 1266 accepere,
765 1182 880 1267 trepidi
902 1207 937 1246 ac
957 1204 1131 1266 properan-

112 1314 170 1379 tes,
201 1298 280 1361 dum
308 1298 464 1378 dispersae
490 1318 621 1361 suorum
649 1299 756 1380 copias
785 1297 983 1378 conducunt,
1014 1298 1130 1359 crebris

112 1414 238 1477 interim
268 1415 389 1474 nuntiis
416 1413 620 1476 ValentInum
649 1434 818 1492 monuere,
849 1434 889 1474 ns
918 1434 1057 1477 summae
1083 1413 1132 1476 rei

111 1528 284 1610 periculum
306 1528 433 1591 faceret.
475 1528 525 1590 Eo
551 1525 694 1607 rapidius
722 1527 853 1589 Cerialis
880 1527 981 1588 missis
1002 1528 1036 1587 in
1061 1527 1132 1587 Me·

113 1642 312 1705 diomatricos
331 1641 387 1723 qui
406 1641 554 1708 breviore
574 1642 688 1704 itinere
708 1645 847 1723 legiones
870 1642 903 1703 in
921 1644 1042 1703 hostem
1059 1662 1133 1704 ver·

113 1770 232 1833 terent,
261 1770 421 1823 contracto
442 1757 528 1844 quod
549 1772 618 1825 erat
637 1759 773 1821 militum
793 1756 1000 1837 Mogontiaci,
1032 1776 1133 1838 quan·

111 1886 243 1956 tumque
276 1893 381 1934 secum
410 1884 647 1949 transvexerat,
675 1874 775 1938 tertiis
807 1874 914 1937 castris
944 1869 1134 1951 Rigodulum

112 1990 220 2070 venit,
252 2008 344 2070 quem
374 1989 480 2051 locum
502 2009 614 2068 magna
634 1987 850 2051 Treverorum
875 2006 971 2047 manu
991 1985 1135 2048 Valenti·

112 2126 172 2167 nus
193 2101 354 2165 insederat
380 2104 542 2165 montibus
567 2114 622 2164 aut
643 2101 778 2164 Mosella
807 2120 898 2163 amne
928 2111 1060 2179 septum.
1104 2094 1135 2159 et

115 2215 277 2280 addiderat
307 2216 408 2278 fossas
440 2215 611 2299 obicesque
639 2234 801 2281 saxorum.
855 2212 923 2275 Nec
955 2210 1134 2274 deterruere

116 2352 151 2393 ea
187 2330 385 2392 munimenta
417 2348 586 2391 romanum
617 2324 730 2390 ducem
764 2346 829 2410 quo
863 2328 967 2389 minus
998 2323 1136 2407 peditem

114 2465 320 2526 perrumpere
339 2445 479 2523 juberet,
512 2440 652 2527 equitum
678 2444 780 2506 aciem
806 2444 840 2503 in
866 2441 986 2506 collem'
1006 2444 1139 2521 erigeret

31 2638 32 2660 χ
117 2574 220 2642 spreto
241 2561 350 2638 hoste,
379 2579 474 2641 quem
498 2572 616 2621 temere
637 2558 801 2619 collectum
826 2557 911 2619 baud
934 2560 976 2618 ita
997 2558 1067 2618 loco
1088 2563 1138 2634 ju·

117 2677 185 2737 vari
205 2687 241 2737 ut
264 2693 329 2734 non
356 2676 427 2755 plus
453 2674 517 2736 suis
544 2672 578 2734 in
601 2671 716 2735 virtute
742 2672 835 2734 foret.
876 2665 1011 2732 Paulum'
1031 2691 1139 2735 morae

31 2780 32 2783 ¹
115 2789 150 2850 in
169 2809 310 2865 ascensu,
332 2785 408 2848 dum
427 2786 556 2848 missilia
575 2783 712 2849 hostium
733 2784 988 2866 praevehuntur:
1009 2785 1047 2844 ut'
1062 2803 1139 2846 ven·

116 2917 183 2964 tum
211 2903 245 2963 in
275 2921 406 2981 manus,
436 2897 593 2960 deturbati
618 2897 731 2959 ruinae
760 2894 856 2959 modo
883 2895 1141 2978 praecipitantur.

118 3033 148 3081 et
167 3039 243 3101 pars
265 3017 405 3100 equitum
427 3012 630 3096 aequioribus
654 3011 735 3090 jugis
756 3011 960 3076 circumvecta
982 3009 1141 3072 nobilissi-

118 3156 187 3198 mos
207 3134 393 3212 Belgarum,
415 3131 450 3190 in
472 3129 542 3211 quis
565 3125 678 3188 ducem
698 3125 919 3202 Valentinum,
944 3123 1035 3204 cepit.

204 3247 339 3310 Cerialis
367 3256 495 3327 postero
524 3240 574 3303 die
604 3241 760 3303 coloniam
786 3239 998 3303 Treverorum
1023 3239 1142 3318 ingres·
1157 3247 1228 3311 las

118 3384 170 3426 sus
191 3357 357 3425 esr'avido
378 3357 476 3421 milite
499 3351 656 3415 eruendae
677 3353 820 3414 civitatis.
860 3352 942 3413 hanc
966 3372 1032 3414 esee
1055 3350 1143 3414 Clas·

118 3477 190 3554 sici,
212 3476 295 3536 banc
319 3471 448 3534 Tutoris
468 3467 620 3548 patriam,
647 3467 763 3528 borum
786 3469 901 3530 scelere
930 3467 1048 3529 clausas
1074 3487 1143 3526 cae-

31 3640 32 3647 ,
119 3611 232 3677 sasque
247 3588 397 3668 legiones.
437 3580 515 3666 quid
531 3593 652 3642 tantum
667 3579 856 3642 Cremonam
872 3580 1031 3654 meruisse,
1048 3596 1144 3658 quam

119 3704 275 3784 egremIo
289 3701 398 3763 Italiae
417 3711 549 3778 raptam,
571 3694 646 3777 quia
665 3695 761 3756 unius
784 3695 883 3756 noctis
905 3711 1027 3754 moram
1046 3690 1144 3752 victo·

117 3818 209 3880 ribus
238 3810 400 3877 attulerit?
432 3824 514 3873 stare
545 3809 578 3869 in
607 3807 744 3870 confinio
776 3806 961 3868 Germaniae
992 3807 1145 3884 integram

118 3930 228 3994 sedem
256 3928 366 4010 apollin
394 3924 590 3986 exercituum
618 3933 650 3982 et
673 3918 789 3982 ducum
816 3915 963 3980 caedibus
990 3931 1146 3982 ovantem.

116 4045 318 4126 redigeretur
340 4041 459 4125 praeda
478 4039 512 4101 in
532 4036 657 4101 fiscumz
677 4035 754 4117 ipsis
775 4034 920 4098 sufficere
936 4031 1022 4112 ignes
1044 4042 1075 4092 et
1094 4051 1147 4094 re-

31 4164 32 4179 *
119 4162 212 4222 bellis
246 4155 389 4223 coloniae
422 4151 549 4228 ruinas,
589 4149 706 4235 quibus
739 4161 787 4212 tot
821 4158 992 4210 manorum
1026 4143 1147 4208 excidia
