2959 4875
483 441 717 516 GERMANlA
1098 455 1120 518 3

109 629 170 690 aliis
196 628 329 690 aliarum
357 626 520 690 nationum
546 629 710 690 connubiis
739 627 872 690 inlectos
898 628 1058 711 propriam
1090 642 1120 689 et

38 787 40 830 t
107 748 251 810 sinceram
280 757 312 806 et
339 756 462 806 tantum
490 745 539 806 sui
561 744 693 806 similem
715 756 837 823 gentem
861 744 1013 806 exstitisse
1036 746 1119 809 arbi·

38 847 39 856 ἵ
107 873 231 922 uantur.
273 857 368 920 Unde
395 858 521 920 habitus
552 879 679 940 quoque
710 879 894 939 corporum,
937 881 1117 942 quanquam

106 975 135 1034 in
161 987 246 1035 tanto
277 973 440 1036 hominum
471 993 620 1048 numero,
650 971 752 1034 idem:
783 974 929 1034 omnibus
956 987 1060 1037 truces
1089 988 1120 1038 et

38 1163 39 1172 ἵ
107 1088 237 1150 coerulei
259 1086 358 1162 oculi,
380 1086 491 1146 rutilae
514 1104 636 1161 comae,
657 1106 769 1165 magna
792 1107 925 1168 corpora
946 1099 976 1149 et
997 1101 1118 1150 tantum

38 1199 39 1220 ¹
108 1199 142 1259 ad
161 1201 313 1280 impetum
334 1197 447 1262 valida.
488 1199 606 1260 laboris
636 1211 731 1280 atque
760 1221 892 1282 operum
917 1223 983 1264 non
1011 1202 1120 1266 eadem

38 1343 39 1346 ¹
107 1318 265 1397 patientia,
294 1315 485 1397 minimeque
507 1314 588 1378 sitim
613 1327 797 1398 aestumque
818 1320 972 1397 tolerare,
1002 1320 1120 1399 frigora

109 1444 193 1513 atque
214 1429 352 1496 inediam
375 1430 462 1490 coelo
484 1430 592 1492 solove
615 1443 830 1491 assueverunt.

185 1551 284 1610 Terra
314 1549 372 1608 etsi
402 1547 560 1628 aliquanto
590 1545 692 1626 specie
721 1544 840 1622 differt,
874 1547 907 1606 in
937 1549 1150 1611 universuma
1211 1547 1215 1555 '

107 1680 204 1728 tamen
226 1677 280 1726 avit
301 1663 385 1726 silvis
408 1661 538 1724 horrida
559 1674 614 1722 aut
634 1659 802 1743 paludibus
825 1661 927 1739 foeda,
951 1663 1120 1743 humidior,

109 1801 164 1862 qua
195 1779 329 1856 Gallias,
366 1778 543 1854 ventosior,
579 1797 643 1857 qua
672 1759 826 1837 Noricum
857 1799 892 1838 ac
923 1779 1121 1840 Pannoniam
1199 1803 1205 1811 ’

38 1941 40 1950 .
109 1897 224 1975 aspicit3
247 1893 320 1956 satis
341 1893 447 1970 ferax,
466 1893 753 1974 frugiferarumque
775 1896 924 1955 arborum
945 1895 1120 1975 impatiens,

107 2029 255 2091 pecorum
282 2007 429 2085 fecunda,
460 2007 514 2070 sed
546 2010 732 2090 plerumque
761 2011 947 2090 improcera.
999 2014 1048 2075 Ne
1071 2034 1121 2074 ar·

107 2125 213 2184 arentis
235 2119 362 2206 quidem
383 2143 459 2184 suus
486 2123 592 2182 honor
621 2132 676 2182 aut
696 2120 797 2199 gloria
817 2123 949 2185 frontis:
989 2146 1121 2187 numero

107 2235 246 2316 gaudent,
270 2257 386 2316 eaeque
410 2236 495 2296 solae
518 2246 548 2295 et
570 2235 762 2314 gratissimae
783 2255 859 2318 opes
879 2250 964 2300 sunt.
1003 2241 1123 2319 Argen·

38 2355 40 2416 ζ
108 2367 169 2414 turn
190 2364 220 2412 et
245 2369 355 2412 aurum
378 2349 549 2430 propitiine
572 2348 704 2410 anitati
732 2347 777 2410 dii
796 2354 979 2430 negaverint
1002 2351 1123 2416 dubito.

109 2489 161 2527 nec
188 2480 292 2529 tamen
318 2462 553 2541 affirmaverim,
583 2465 702 2525 nullam
725 2464 912 2526 Germaniae
934 2488 1047 2529 venam
1073 2488 1123 2527 ar-

108 2594 228 2660 gentum
249 2600 401 2642 aurumve
421 2578 563 2657 gignere3
588 2578 657 2658 quis
678 2579 761 2638 enim
784 2592 938 2641 scrutatus
957 2577 1024 2641 est?
1047 2600 1122 2661 pos·

108 2697 237 2757 sessione
267 2708 300 2755 et
329 2714 390 2755 usu
418 2692 504 2755 haud
537 2693 668 2774 perinde
698 2681 887 2757 alliciuntur.
939 2708 987 2757 est
1015 2696 1122 2759 videre

38 2868 39 2881 ,
110 2809 187 2889 apud
209 2810 281 2871 illos
305 2820 450 2887 argentea
472 2828 561 2883 vasa,
593 2806 700 2886 legatis
730 2819 762 2868 et
789 2809 984 2889 principibus
1013 2830 1122 2871 eorum

38 2960 40 2969 ι
109 2924 227 2985 muneri
249 2921 334 2999 data,
359 2940 425 2982 non
446 2921 478 2983 in
502 2920 562 2981 alia
582 2920 701 2983 vilitate
723 2942 819 3003 quam
841 2942 922 3003 quae
943 2924 1041 2983 humo
1064 2923 1123 2984 iin-

38 3016 40 3037 .

108 3050 230 3117 guntur.
282 3054 462 3121 quanquam
491 3032 630 3115 proximi
662 3036 702 3095 ob
736 3055 828 3096 usum
864 3036 1123 3098 commerciorum

109 3173 217 3213 acuum
239 3164 269 3212 et
293 3164 455 3230 argentum
482 3150 515 3210 in
545 3150 648 3229 pretio
676 3150 794 3210 habent
821 3126 1002 3233 formasque
1029 3132 1124 3232 quas·

38 3280 39 3285 ’
109 3266 176 3328 dam
202 3278 329 3329 nostrae
350 3268 501 3347 pecuniae
524 3277 695 3345 agnoscunt
718 3277 811 3346 atque
833 3266 967 3344 eligunt:
995 3266 1125 3329 interio-

38 3424 39 3433 .
108 3404 154 3443 res
175 3382 348 3463 simplicius
371 3395 400 3443 et
422 3382 581 3465 antiquius
602 3382 834 3464 permutatione
857 3381 1008 3442 mercium
1031 3393 1126 3443 utun·

108 3509 165 3558 tur.
186 3495 358 3557 Pecuniam
378 3498 515 3576 probant
534 3508 672 3559 veterem
696 3510 727 3558 et
755 3495 810 3557 diu
835 3509 958 3575 notam,
989 3510 1126 3559 serratos

108 3610 299 3693 bigatosque.
341 3610 511 3688 Argentum
535 3630 661 3693 quoque
691 3610 787 3691 magis
818 3631 912 3693 quam
939 3632 1050 3672 aurum
1078 3628 1127 3669 se·

108 3736 256 3803 quuntur,
278 3724 365 3783 ntslla
380 3722 543 3786 allectione
562 3722 666 3799 animi,
685 3721 739 3785 sed
759 3724 832 3809 quia
851 3744 1001 3812 numerus
1017 3741 1128 3799 argen-

38 3862 39 3871 ¹
107 3849 227 3899 teorum
252 3836 374 3897 facilior
395 3837 467 3898 usui
489 3848 534 3897 est
554 3836 731 3917 promiscua
754 3860 790 3899 ac
812 3838 887 3898 vilia
908 3834 1127 3897 mercantibus.

186 3952 238 4015 Ne
261 3953 381 4013 ferrum
410 3950 536 4035 quidem
561 3965 718 4035 superest,
751 3953 829 4012 sicut
855 3968 1028 4027 exgenere
1049 3951 1157 4009 telo-⁶

104 4090 174 4131 riam
193 4070 361 4148 colligitur.
404 4069 481 4131 Rari
498 4066 607 4147 gladiis
630 4080 686 4129 actt
705 4066 878 4143 majoribus
899 4065 1013 4127 lanceis
1034 4076 1129 4124 utun-

105 4196 169 4245 tur:
203 4182 323 4261 lsastas,
344 4184 396 4245 vel
417 4183 559 4263 ipsorum
582 4182 736 4245 vocabulo
753 4180 916 4255 daemoes,
941 4191 1052 4260 gemunt
1073 4199 1129 4239 an·

828 4301 843 4355 1
856 4294 872 4331 s
