2959 4875
510 435 745 505 GERMANIA
1094 449 1136 513 19

197 615 237 676 In
269 614 367 675 latere
398 609 600 674 Cauchorum
628 609 878 698 Chattorumque
909 613 1058 680 Cherusci
1088 621 1136 682 ni·
1149 627 1185 678 ³6

29 779 30 794 ,
114 727 209 790 miam
241 748 277 788 ac
308 737 498 788 marcentem
534 725 589 788 diu
623 749 732 809 pacem
763 731 919 795 illacessiti
948 735 1135 797 nutrierunt.

28 821 30 892 s
114 841 215 924 quue
235 839 405 919 jucundius
434 859 529 922 quam
557 840 653 902 tutius
674 841 752 919 fuit,
781 844 856 926 quia
874 845 959 907 inter
980 846 1136 928 impoten-

113 969 215 1021 tecet
242 953 366 1019 rafidos
391 956 470 1018 falso
496 957 654 1039 quiescas3
685 957 742 1019 ubi
767 979 864 1021 manu
885 961 1002 1040 agitur,
1028 959 1137 1024 mode-

28 1141 29 1152 *
113 1072 173 1133 stia
204 1091 240 1131 ac
270 1069 412 1151 probitas
439 1069 567 1132 nomina
596 1069 768 1151 superioris
793 1083 877 1134 sunt.
918 1073 965 1135 Ita
984 1072 1041 1156 qui
1062 1075 1137 1136 olim

28 1169 29 1206 ³
114 1186 195 1250 boni
220 1187 377 1268 aequique
404 1184 571 1265 Cherusci,
604 1208 688 1250 nunc
714 1191 831 1251 inertes
856 1211 892 1252 ac
912 1190 1001 1254 stulti
1020 1211 1136 1254 vocan-

28 1337 29 1342 1
112 1312 177 1362 tur.
236 1298 356 1360 Chattis
390 1294 563 1362 victoribus
593 1299 721 1363 fanone
752 1303 787 1364 in
818 1302 1001 1386 sapientiam
1036 1307 1136 1369 cessit.

113 1415 221 1477 Tracti
248 1414 343 1476 ruina
371 1411 603 1476 Cheruscorum
635 1427 664 1476 et
694 1415 790 1494 Fosi,
821 1418 1014 1480 contermina
1042 1439 1134 1499 gens:

113 1527 316 1593 adversarum
334 1546 442 1587 rerum
462 1546 503 1588 ex
524 1545 626 1609 aequo
647 1526 724 1590 socii
742 1541 825 1608 sunt,
848 1552 945 1612 quum
968 1531 1004 1594 in
1023 1551 1135 1594 secun-

113 1640 162 1704 dis
184 1643 323 1704 minores
345 1640 488 1703 fuissent.

195 1755 343 1818 Eundem
365 1753 552 1818 Germanias
582 1753 684 1814 sinum
713 1754 853 1835 proximi
874 1775 993 1820 oceano
1014 1754 1183 1821 cimbrica

112 1881 233 1948 tenent,
253 1891 352 1951 parva
372 1889 457 1930 nunc
481 1866 597 1944 civitas,
623 1865 677 1930 scd
697 1869 798 1948 gloria
817 1869 936 1949 ingens,
957 1872 1135 1956 veterisque

27 2063 28 2074 ἵ
112 1983 219 2044 famae
244 1984 310 2042 lata
328 1980 453 2060 uestigia
474 1991 604 2042 manent
633 1992 766 2062 utraque
787 1983 857 2063 ripa
880 1996 982 2046 castra
1005 2006 1041 2046 ac
1064 2007 1135 2066 spa-

112 2096 165 2175 tia,
188 2115 330 2177 quorum
359 2096 476 2158 ambitu
508 2115 593 2156 nunc
623 2115 750 2178 quoque
775 2096 913 2158 metiaris
933 2099 1049 2159 molem
1069 2119 1136 2160 ma·

114 2230 241 2292 nusque
269 2210 367 2290 gentis
397 2223 429 2273 et
455 2222 520 2270 tam
547 2209 651 2288 magni
673 2209 774 2270 exitus
796 2208 902 2272 finem.
943 2208 1136 2274 Sexcentesi·

26 2367 27 2414 ἦ
112 2347 199 2388 mum
236 2336 268 2386 et
306 2323 579 2408 quadragesimum
613 2345 731 2386 annum
767 2326 843 2388 urbs
876 2337 984 2388 nostra
1017 2326 1136 2404 agebat,

114 2463 213 2524 quum
234 2437 382 2522 ‘primum
413 2439 615 2502 Cimbrorum
643 2440 750 2501 audita
778 2452 851 2501 sunt
882 2460 970 2503 arma
999 2437 1135 2502 Caecilio

26 2624 27 2627 Ἴ
112 2557 243 2618 Metello
273 2578 308 2617 ac
336 2556 465 2635 Papirio
494 2554 639 2617 Carbone
669 2555 866 2633 consulibus3
897 2574 938 2615 ex
959 2572 1024 2635 quo
1045 2553 1074 2615 si
1094 2549 1133 2612 ad

26 3038 28 3099 ἓ

112 2671 245 2730 alterum
279 2668 479 2749 imperatoris
512 2666 640 2743 Traiani
675 2670 872 2729 consulatum
910 2678 1135 2747 computemus,

112 2780 239 2843 ducenti
257 2782 356 2842 ferme
381 2792 412 2840 et
434 2778 539 2841 decem
561 2780 638 2840 anni
658 2754 855 2857 colliguntur.
898 2776 1032 2841 Tamdiu
1055 2778 1135 2839 Ger·

111 2895 214 2956 mania
237 2894 385 2958 vincitur.
436 2893 623 2958 mediatam
645 2895 729 2973 longi
751 2894 821 2957 aevi
842 2894 943 2976 spatio
964 2893 1063 2954 multa
1086 2892 1135 2952 in·

110 3008 208 3070 vicem
233 3005 357 3069 damna.
398 3004 474 3069 Non
495 3006 628 3086 Samnis,
651 3028 717 3069 non
739 3009 849 3086 Poeni,
876 3027 942 3069 non
963 3008 1133 3089 Hispaniae

110 3123 281 3200 Calliaeve,
305 3143 346 3182 ne
365 3122 474 3185 Parthi
496 3122 622 3206 quidem
641 3124 765 3203 saepius
785 3122 995 3185 admonuere:
1017 3122 1135 3203 quippe

26 3272 27 3277 κ
110 3256 207 3315 regno
237 3235 363 3298 Arsacis
392 3235 495 3297 acrior
524 3246 571 3297 est
601 3232 833 3297 Germanorum
861 3234 1000 3295 libertas.
1048 3229 1135 3307 Quid

112 3352 193 3411 enim
216 3348 305 3411 alind
326 3350 418 3412 nobis
440 3370 535 3431 quam
563 3348 687 3411 caedem
718 3348 840 3427 Crassi,
868 3350 981 3413 amisso
1007 3359 1040 3410 et
1065 3348 1134 3431 ipse

26 3456 27 3541 i
110 3464 249 3541 Pacoro,
275 3462 359 3525 infra
379 3459 563 3524 Ventidium
586 3458 722 3539 dejectus
743 3460 857 3527 Oriens
878 3460 1050 3542 objecerit?
1093 3467 1135 3527 At

111 3579 262 3642 Germani
283 3578 429 3641 Carbone
452 3590 483 3640 et
505 3577 613 3641 Cassio
635 3591 665 3640 et
683 3578 804 3642 Scauro
823 3581 954 3643 Aurelio
978 3592 1010 3642 et
1029 3579 1135 3640 Servi-

110 3692 151 3755 lio
182 3691 362 3773 Caepione,
390 3692 500 3753 Marco
530 3711 657 3773 quoque
685 3693 809 3754 Manlio
838 3694 917 3755 fusis
944 3692 999 3752 vel
1028 3691 1135 3770 captis,

110 3810 253 3892 quinque
275 3809 369 3871 simul
390 3808 571 3869 consulares
585 3810 740 3872 exercitus
761 3809 883 3889 populo
905 3822 1047 3881 romano,
1069 3803 1136 3867 Va·

107 3944 179 3985 rum
204 3935 336 4004 tresque
357 3942 429 3983 cum
451 3941 489 3984 eo
509 3921 648 4000 legiones
674 3922 768 3983 etiam
788 3917 906 3981 caesari
930 3915 1138 3979 abstulerunt.

107 4033 175 4096 Nec
209 4036 342 4117 impune
372 4033 468 4111 Cajus
494 4032 618 4095 Marius
645 4032 680 4093 in
710 4030 817 4104 Italia'‚
854 4027 945 4091 divus
973 4026 1075 4093 Julius
1102 4030 1136 4089 in

108 4148 232 4227 Gallia,
259 4150 388 4240 Dmrsus
415 4171 451 4210 ac
472 4148 559 4211 Nero
585 4158 615 4207 et
637 4144 841 4208 Germanicus
864 4143 898 4206 in
926 4146 990 4206 suis
1012 4164 1067 4206 eos
1089 4164 1139 4206 se·

834 4265 851 4299 c)
863 4258 879 4292 ¹t=
