2959 4875
294 319 337 381 72
648 318 709 385 EX
734 315 969 385 HISTORIIS

209 494 277 556 ¹259
379 492 479 555 Julius
503 491 615 555 deinde
639 489 748 555 Civilis
769 492 910 575 periculo
932 500 1106 573 exemptus,
1128 503 1323 574 praepotens

295 607 377 667 inter
396 607 550 684 Batavos,
578 625 618 667 ne
641 604 795 687 supplicio
818 610 885 684 ejus
907 605 1000 669 ferox
1020 624 1096 685 gens
1118 604 1325 671 alienaretur.

296 732 326 783 et
348 733 436 785 erant
456 722 491 783 in
515 720 638 785 civitate
659 720 840 801 Lingonum
859 732 929 783 octo
952 720 1144 781 Batavorum
1164 720 1323 800 cohortes,

296 844 425 915 quartae
448 830 597 897 decumae
617 832 749 913 legionis
771 831 906 912 auxilia,
927 844 995 895 tum
1020 830 1177 896 discordia
1197 843 1323 915 tempo·

295 968 367 1008 rum
390 970 409 1009 a
429 948 551 1027 legione
573 944 737 1029 digressae,
758 956 855 1029 prout
878 942 1090 1025 inclinassent,
1111 943 1228 1027 grande
1250 965 1323 1007 mo-

297 1073 436 1123 utentum
458 1061 559 1127 sociae
582 1074 636 1134 aut
660 1061 819 1127 adversae.
860 1060 1020 1139 Nonium,
1042 1060 1234 1140 Donatium,
1254 1060 1323 1124 tto-

297 1178 433 1255 milium,
462 1176 671 1260 Calpurnium
691 1177 907 1257 centuriones,
939 1176 1117 1261 dequibus
1142 1197 1239 1259 supra
1258 1188 1324 1239 ret·

298 1292 435 1369 tulimus,
457 1290 557 1356 occidi
576 1297 670 1373 jussit
688 1292 852 1365 damnatos
879 1290 953 1357 fidei
974 1292 1115 1369 crimine,
1136 1288 1323 1369 gravissimo

297 1409 378 1471 inter
398 1407 612 1485 desciscentes.
654 1428 810 1474 accessere
830 1407 974 1491 partibus
994 1405 1143 1471 Valerius
1165 1405 1323 1467 Asiaticus

298 1523 434 1603 belgicas
463 1523 644 1605 provinciae
674 1525 811 1605 legatus,
837 1544 933 1609 quem
954 1542 1031 1586 mox
1058 1520 1206 1585 Vitellius
1228 1542 1324 1601 gene-

299 1660 371 1703 rum
409 1638 555 1718 adscivit,
586 1653 616 1707 et
648 1641 762 1705 Iunius
794 1640 926 1703 Blaesus
961 1635 1166 1719 lugdunensis
1202 1634 1324 1699 Galliae

300 1764 403 1814 rector
428 1773 499 1813 cum
519 1752 622 1823 italica
641 1751 765 1832 legione
790 1764 821 1814 et
847 1754 897 1818 ala
919 1751 1061 1815 Taurino
1081 1747 1230 1831 Lugduni
1253 1760 1326 1811 ten·

302 1862 463 1943 dentibus,
493 1884 551 1927 nec
573 1865 608 1941 ip
628 1864 754 1929 raeticis
776 1863 874 1945 copiis
894 1883 985 1928 mora
1006 1881 1071 1948 quo
1093 1862 1197 1928 minus
1218 1861 1326 1935 statim

302 1978 556 2060 adjungerentur.

219 2110 289 2175 1,oo
387 2092 437 2157 Ne
458 2092 492 2154 in
516 2089 683 2158 Britannia
703 2090 831 2177 quidem
854 2089 1040 2165 dubitatum.
1063 2103 1123 2155 etc.

221 2224 284 2292 t‚ot
387 2207 544 2288 Adjuncto
567 2209 743 2274 britannico
767 2207 909 2271 exercitu
929 2207 1038 2287 ingens
1055 2206 1176 2273 viribus
1196 2204 1328 2287 opibus·

304 2342 365 2404 que
387 2321 535 2385 Vitellius
560 2321 641 2391 duos
665 2320 776 2401 duces,
811 2320 874 2385 duo
903 2321 1017 2385 itinera
1043 2323 1127 2387 bello
1150 2317 1328 2383 destinavit.

303 2435 421 2501 Fabius
440 2439 559 2513 Valens
583 2440 707 2512 allicere
728 2440 789 2518 vel,
811 2436 838 2500 si
858 2439 1041 2517 abnuerent,
1062 2451 1185 2507 vastare
1207 2437 1328 2503 Gallias

305 2564 334 2614 et
356 2552 497 2619 cottianis
519 2552 645 2634 alpibus
664 2549 788 2614 Italiam
806 2549 998 2632 irrumpere,
1019 2550 1155 2622 Caecina
1174 2552 1328 2633 propiore

304 2664 440 2727 tramitu
459 2666 583 2747 peninIs
605 2665 686 2746 jugis
713 2661 840 2746 degredi
862 2670 974 2742 iussus.
1016 2665 1145 2728 Valenti
1164 2664 1329 2728 inferioris

306 2781 461 2842 exercitus
482 2778 571 2842 electi
592 2799 664 2842 cum
690 2778 797 2861 aquila
826 2775 953 2860 quintae
974 2777 1105 2856 legionis
1130 2789 1161 2842 et
1188 2777 1329 2840 cohorti-

306 2894 367 2955 bus
390 2894 508 2976 alisque
530 2891 570 2954 ad
593 2889 797 2976 quadraginta
820 2891 920 2952 millia
943 2903 1135 2954 armatorum
1157 2889 1248 2955 data:
1270 2890 1329 2955 tri·

306 3005 392 3086 ginta
428 3005 525 3068 millia
562 3003 698 3067 Caecina
729 3024 746 3065 e
781 3001 944 3084 superiore
979 3001 1148 3066 Germania
1181 3002 1329 3076 ducebat,

307 3139 445 3203 quorum
466 3119 566 3182 robur
585 3116 666 3199 legio
690 3136 769 3194 una,
789 3115 1086 3198 primaetvicesima,
1107 3117 1177 3180 fuit.
1221 3117 1330 3180 addita

305 3231 434 3315 utrique
464 3231 698 3298 Germanorum
728 3233 863 3312 auxilia,
894 3254 912 3294 e
941 3233 1058 3316 quibus
1079 3231 1224 3294 Vitellius
1253 3253 1329 3296 suas

307 3364 436 3428 quoque
458 3346 564 3428 copias
584 3343 757 3427 supplevit,
778 3356 842 3408 tota
863 3345 946 3407 mole
968 3344 1044 3407 belli
1063 3357 1240 3408 secuturus.

225 3469 294 3534 utu
392 3457 477 3522 Mira
508 3457 593 3538 inter
624 3458 797 3522 exercitum
830 3459 1117 3543 imperatoremque
1153 3458 1331 3526 dlvsrsitas.

307 3570 423 3634 instare
441 3570 540 3650 milas,
559 3592 647 3641 arma
664 3591 804 3654 poscere,
826 3569 901 3636 dum
922 3572 1040 3638 Galliae
1062 3571 1227 3656 trepidant,
1250 3571 1329 3635 dum

308 3686 479 3771 Hispaniae
497 3699 691 3752 cunctentur.
732 3709 799 3752 non
815 3691 939 3760 obstare
960 3690 1097 3756 hiemem
1114 3709 1218 3774 neque
1238 3689 1331 3770 igna-

308 3822 365 3862 vae
386 3801 471 3882 paois
491 3823 607 3866 moras.
646 3800 856 3878 invadendam
878 3805 1017 3882 Italiam,
1038 3804 1254 3889 occupandam
1274 3827 1332 3868 ur·

308 3912 391 3975 bern.
443 3917 523 3978 nihil
552 3918 586 3978 in
621 3915 785 3982 discordiis
818 3917 960 3983 civilibus
992 3919 1192 3985 festinatione
1222 3921 1332 3999 tutius,

311 4029 365 4089 ubi
393 4029 473 4092 iacto
503 4031 598 4112 magis
627 4054 723 4116 quam
755 4033 896 4098 consulto
926 4053 1005 4115 opus
1036 4046 1127 4100 esset.
1168 4037 1333 4119 Torpebst
