2959 4875
327 377 370 444 32
664 372 728 440 EX
740 371 1005 441 altusmons

330 551 398 614 sciti
424 563 507 616 sunt.
549 553 718 616 Bructeros
747 573 805 616 sua
830 562 957 614 urentes
985 547 1132 632 expedita
1159 571 1230 613 cum
1251 572 1353 614 manu

330 668 447 733 Lucius
470 668 635 732 Stertinius
663 668 760 730 missu
781 666 961 729 Germanici
986 665 1084 743 fudit,
1113 667 1259 750 interque
1281 687 1355 729 cae·

332 783 402 847 dem
427 797 456 846 et
483 780 633 865 praedam
659 783 801 864 repperit
823 781 1073 846 undevicesimae
1102 782 1233 861 legionis
1262 787 1355 864 aqui-

331 902 394 962 lam
421 920 492 962 cum
518 899 607 960 Varo
629 897 784 960 amissam.
825 895 965 958 Ductum
987 892 1061 955 inde
1083 915 1192 974 agmen
1215 892 1253 955 ad
1279 897 1356 956 ulti·

332 1032 401 1075 mos
435 1014 678 1076 Bructerorum:
717 1023 934 1095 quantumque
969 1009 1118 1070 Amisiam
1154 1021 1185 1070 et
1216 1008 1356 1092 Lupiam

333 1147 439 1189 amnes
460 1129 543 1188 inter
565 1137 729 1201 vastatum,
753 1122 839 1185 haud
860 1123 972 1204 procul
993 1121 1239 1201 teutoburgieusi
1260 1123 1354 1199 saltu,

332 1242 367 1301 in
386 1262 450 1324 quo
467 1239 619 1323 reliquiae
635 1240 715 1302 Vari
732 1240 953 1322 legionumque
972 1237 1145 1319 insepultae
1159 1234 1355 1298 dicebantur.

249 1375 275 1438 1,
285 1373 319 1426 οι
417 1356 516 1435 Igitur
548 1353 661 1438 cupido
695 1374 851 1418 caesarem
883 1350 1004 1417 invadit
1035 1349 1178 1415 solvendi
1206 1371 1356 1431 suprema

333 1469 484 1534 militibus
514 1467 668 1552 ducique,
694 1478 839 1550 permoto
865 1464 905 1529 ad
932 1465 1164 1528 miserationem
1190 1463 1277 1526 omni
1297 1462 1357 1546 qui

335 1583 443 1648 aderat
464 1583 601 1645 exercitu
624 1585 664 1644 ob
687 1583 902 1665 propinquos,
925 1581 1060 1656 amicos,
1081 1577 1217 1662 denique
1240 1579 1281 1640 ob
1303 1599 1357 1639 ea-

335 1721 388 1762 sus
412 1700 569 1760 bellorum
597 1709 626 1757 et
652 1708 770 1758 sortem
799 1693 975 1755 hominum.
1015 1692 1189 1754 Praemisso
1212 1689 1357 1767 Caecina,

336 1826 372 1875 ut
394 1815 514 1876 occulta
535 1814 670 1872 saltuum
692 1821 885 1872 scrutaretur
901 1821 1077 1892 pontesque
1097 1822 1129 1871 et
1150 1828 1272 1888 aggeres
1293 1807 1358 1867 hu-

337 1927 422 1991 mido
445 1924 596 2007 paludum
619 1939 650 1987 et
670 1925 834 1988 fallacibus
856 1925 972 2004 campis
994 1925 1186 2006 imponeret,
1207 1918 1358 1982 incedunt
1456 1936 1457 1939 ’

337 2053 473 2104 moestos
500 2044 603 2119 locos,
633 2039 767 2122 visuque
797 2062 832 2102 ac
861 2040 1013 2102 memoria
1042 2037 1206 2100 deformes.
1253 2034 1359 2118 prima

337 2139 417 2218 Vari
446 2167 545 2216 caetra
575 2157 639 2216 lato
673 2153 791 2215 ambitu
820 2165 853 2215 et
884 2151 1031 2215 dimensis
1064 2151 1227 2233 principiis
1258 2150 1358 2212 trium

337 2270 497 2350 legionum
516 2287 629 2329 manus
651 2269 867 2347 ostentabant,
900 2267 970 2331 dein
993 2267 1143 2330 semiruto
1163 2268 1266 2343 vallo,
1296 2267 1358 2327 hu-

339 2381 405 2442 mili
425 2381 509 2443 fossa
532 2381 647 2443 accisae
674 2385 736 2458 iam
764 2380 916 2463 reliquiae
941 2379 1115 2444 consedisse
1142 2381 1360 2460 intelligeban·
1456 2364 1457 2367 Ἴ

339 2508 409 2560 tur:
436 2495 540 2559 medio
564 2497 665 2577 campi
687 2498 826 2559 albentia
848 2516 927 2575 ossa,
948 2511 984 2559 ut
1007 2500 1159 2577 fugerant,
1181 2510 1217 2560 ut
1236 2498 1360 2559 restite·
1456 2511 1457 2538 ³

338 2625 420 2691 rant,
444 2611 567 2692 disjecta
587 2615 638 2677 vel
656 2625 808 2694 aggerata.
828 2613 1034 2692 ,adjacebant
1052 2614 1203 2693 fragmina
1223 2614 1360 2675 telorum

340 2746 559 2809 equorumque
580 2739 682 2803 artus,
709 2726 802 2789 simul
823 2727 942 2789 nuncia
964 2730 1114 2790 arborum
1136 2727 1270 2789 antefixa
1292 2747 1361 2790 ora.

340 2840 419 2903 lucis
437 2842 623 2923 propinquis
643 2842 798 2903 barbarae
821 2862 910 2916 arae,
938 2837 1024 2921 apud
1053 2861 1131 2922 quas
1155 2842 1299 2903 tribunos
1323 2861 1360 2904 ac

340 2956 516 3037 primorum
547 2954 696 3019 ordinum
719 2956 919 3017 centuriones
942 2967 1164 3018 mactaverant.
1205 2964 1236 3016 et
1265 2952 1361 3015 cladis

342 3075 409 3149 ejus
430 3069 629 3151 superstites,
655 3089 793 3150 pugnam
816 3080 870 3130 aut
890 3067 1017 3131 vincula
1038 3067 1136 3149 elapsi
1143 3111 1153 3145 ,
1182 3067 1364 3130 referebant

341 3183 393 3245 liic
421 3182 566 3247 cecidisse
593 3184 728 3261 legatos,
755 3180 820 3242 illic
848 3192 954 3261 raptas
982 3180 1119 3263 aquilas,
1147 3181 1285 3261 primum
1305 3179 1364 3241 ubi

341 3298 458 3356 vulnus
486 3297 573 3357 Varo
602 3292 765 3369 adactum,
794 3293 851 3355 ubi
877 3293 996 3357 infelici
1022 3293 1135 3357 dextra
1163 3309 1194 3358 et
1218 3315 1278 3357 suo
1298 3295 1365 3357 ictu

342 3420 477 3469 mortem
500 3408 673 3483 invenerit,
700 3427 764 3489 quo
792 3408 944 3469 tribunali
969 3410 1171 3471 concionatus
1190 3407 1365 3484 Arminius,

345 3534 424 3605 quot
450 3521 592 3603 patibula
623 3522 769 3602 captivis,
798 3544 878 3604 quae
903 3527 1046 3604 scrobes,
1079 3538 1178 3609 utque
1206 3524 1302 3604 signis
1333 3534 1366 3584 et

345 3636 457 3721 aquilis
477 3656 536 3718 per
554 3636 734 3717 superbiam
753 3636 898 3701 illuserit.

262 3766 333 3831 uss
429 3754 527 3834 Igitur
553 3772 703 3816 ronranus
730 3753 787 3837 qui
811 3753 920 3817 aderat
947 3756 1120 3831 exereitus,
1149 3766 1274 3817 sextum
1294 3768 1367 3835 post

346 3868 441 3930 cladis
465 3890 582 3932 annum
603 3870 701 3931 trium
720 3870 881 3951 legionum
902 3892 989 3946 ossa,
1009 3873 1098 3931 nullo
1120 3882 1268 3931 noscente
1290 3870 1366 3931 alie-

346 4003 403 4043 nas
423 3982 573 4065 reliquias
594 4004 635 4044 an
661 4002 792 4045 suorum
816 3983 915 4044 lrumo
938 3993 1071 4060 tegeret,
1103 4002 1212 4044 omnes
1233 3992 1269 4041 ut
1290 4002 1367 4043 con-

346 4102 484 4174 junctos,
506 4109 541 4158 ut
562 4097 826 4175 consanguineos,
855 4108 946 4157 arista
966 4096 998 4155 in
1019 4096 1141 4156 bostem
1163 4096 1227 4171 ira,
1255 4094 1370 4156 moesti
