<?xml version="1.0" encoding="UTF-8"?>
<!DOCTYPE html PUBLIC "-//W3C//DTD XHTML 1.0 Transitional//EN"
    "http://www.w3.org/TR/xhtml1/DTD/xhtml1-transitional.dtd">
<html xmlns="http://www.w3.org/1999/xhtml" xml:lang="en" lang="en">
 <head>
  <title>
</title>
<meta http-equiv="Content-Type" content="text/html;charset=utf-8" />
  <meta name='ocr-system' content='tesseract 3.04.00' />
  <meta name='ocr-capabilities' content='ocr_page ocr_carea ocr_par ocr_line ocrx_word'/>
</head>
<body>
  <div class='ocr_page' id='page_1' title='image "./tacitigermania00grimgoog_0037.png"; bbox 0 0 2959 4875; ppageno 0'>
   <div class='ocr_carea' id='block_1_1' title="bbox 481 422 1159 494">
    <p class='ocr_par' dir='ltr' id='par_1_1' title="bbox 481 422 1159 494">
     <span class='ocr_line' id='line_1_1' title="bbox 481 422 1159 494; baseline -0.006 -2"><span class='ocrx_word' id='word_1_1' title='bbox 481 422 544 492; x_wconf 77' lang='grc' dir='ltr'>ΒΧ</span> <span class='ocrx_word' id='word_1_2' title='bbox 567 423 820 494; x_wconf 82' lang='lat' dir='ltr'>ANNALIBUS</span> <span class='ocrx_word' id='word_1_3' title='bbox 1114 423 1159 488; x_wconf 78' lang='lat'>27</span> 
     </span>
    </p>
   </div>
   <div class='ocr_carea' id='block_1_2' title="bbox 137 594 1242 4215">
    <p class='ocr_par' dir='ltr' id='par_1_2' title="bbox 137 594 1160 1482">
     <span class='ocr_line' id='line_1_2' title="bbox 142 594 1160 681; baseline -0.008 -18"><span class='ocrx_word' id='word_1_4' title='bbox 142 600 268 664; x_wconf 84' lang='lat' dir='ltr'>dieram.</span> <span class='ocrx_word' id='word_1_5' title='bbox 320 597 454 664; x_wconf 87' lang='lat' dir='ltr'>Caecina</span> <span class='ocrx_word' id='word_1_6' title='bbox 485 621 556 662; x_wconf 89' lang='lat' dir='ltr'>cum</span> <span class='ocrx_word' id='word_1_7' title='bbox 586 598 739 681; x_wconf 82' lang='lat' dir='ltr'>expeditis</span> <span class='ocrx_word' id='word_1_8' title='bbox 767 596 949 662; x_wconf 74' lang='lat' dir='ltr'><strong>cohortibus</strong></span> <span class='ocrx_word' id='word_1_9' title='bbox 976 594 1100 678; x_wconf 85' lang='lat' dir='ltr'>praeire</span> <span class='ocrx_word' id='word_1_10' title='bbox 1129 607 1160 656; x_wconf 91' lang='lat' dir='ltr'>et</span> 
     </span>
     <span class='ocr_line' id='line_1_3' title="bbox 141 709 1159 793; baseline -0.007 -16"><span class='ocrx_word' id='word_1_11' title='bbox 141 714 297 777; x_wconf 89' lang='lat' dir='ltr'>obstantia</span> <span class='ocrx_word' id='word_1_12' title='bbox 317 714 468 778; x_wconf 89' lang='lat' dir='ltr'>silvarum</span> <span class='ocrx_word' id='word_1_13' title='bbox 490 714 613 777; x_wconf 90' lang='lat' dir='ltr'>amoliri</span> <span class='ocrx_word' id='word_1_14' title='bbox 634 717 779 792; x_wconf 86' lang='lat' dir='ltr'>jubetur:</span> <span class='ocrx_word' id='word_1_15' title='bbox 804 714 943 793; x_wconf 79' lang='lat' dir='ltr'>legiones</span> <span class='ocrx_word' id='word_1_16' title='bbox 964 709 1088 774; x_wconf 91' lang='lat' dir='ltr'>modico</span> <span class='ocrx_word' id='word_1_17' title='bbox 1108 709 1159 770; x_wconf 91' lang='lat' dir='ltr'>in-</span> 
     </span>
     <span class='ocr_line' id='line_1_4' title="bbox 138 826 1158 914; baseline -0.009 -20"><span class='ocrx_word' id='word_1_18' title='bbox 138 833 270 895; x_wconf 88' lang='lat' dir='ltr'>tervallo</span> <span class='ocrx_word' id='word_1_19' title='bbox 294 843 483 914; x_wconf 79' lang='lat' dir='ltr'>sequttntur.</span> <span class='ocrx_word' id='word_1_20' title='bbox 523 830 608 892; x_wconf 89' lang='lat' dir='ltr'>Juvit</span> <span class='ocrx_word' id='word_1_21' title='bbox 628 850 695 892; x_wconf 86' lang='lat' dir='ltr'>nox</span> <span class='ocrx_word' id='word_1_22' title='bbox 718 826 872 891; x_wconf 78' lang='lat' dir='ltr'>sideribus</span> <span class='ocrx_word' id='word_1_23' title='bbox 892 826 1049 904; x_wconf 86' lang='lat' dir='ltr'>inlustris,</span> <span class='ocrx_word' id='word_1_24' title='bbox 1081 845 1158 890; x_wconf 81' lang='lat' dir='ltr'>ven·</span> 
     </span>
     <span class='ocr_line' id='line_1_5' title="bbox 137 939 1159 1034; baseline -0.005 -25"><span class='ocrx_word' id='word_1_25' title='bbox 137 960 269 1028; x_wconf 89' lang='lat' dir='ltr'>tumque</span> <span class='ocrx_word' id='word_1_26' title='bbox 300 945 340 1008; x_wconf 91' lang='lat' dir='ltr'>ad</span> <span class='ocrx_word' id='word_1_27' title='bbox 369 945 455 1008; x_wconf 89' lang='lat' dir='ltr'>vicos</span> <span class='ocrx_word' id='word_1_28' title='bbox 484 944 682 1034; x_wconf 88' lang='lat' dir='ltr'>Marsorum,</span> <span class='ocrx_word' id='word_1_29' title='bbox 712 957 744 1007; x_wconf 89' lang='lat' dir='ltr'>et</span> <span class='ocrx_word' id='word_1_30' title='bbox 774 939 980 1006; x_wconf 84' lang='lat' dir='ltr'>circumdatae</span> <span class='ocrx_word' id='word_1_31' title='bbox 1010 941 1159 1004; x_wconf 87' lang='lat' dir='ltr'>stationes</span> 
     </span>
     <span class='ocr_line' id='line_1_6' title="bbox 139 1055 1158 1140; baseline -0.006 -18"><span class='ocrx_word' id='word_1_32' title='bbox 139 1063 242 1124; x_wconf 87' lang='lat' dir='ltr'>stratis</span> <span class='ocrx_word' id='word_1_33' title='bbox 265 1059 358 1121; x_wconf 89' lang='lat' dir='ltr'>etiam</span> <span class='ocrx_word' id='word_1_34' title='bbox 379 1070 447 1120; x_wconf 90' lang='lat' dir='ltr'>tum</span> <span class='ocrx_word' id='word_1_35' title='bbox 467 1079 526 1139; x_wconf 91' lang='lat' dir='ltr'>per</span> <span class='ocrx_word' id='word_1_36' title='bbox 548 1055 663 1120; x_wconf 87' lang='lat' dir='ltr'>cubilia</span> <span class='ocrx_word' id='word_1_37' title='bbox 682 1070 877 1140; x_wconf 86' lang='lat' dir='ltr'>propterque</span> <span class='ocrx_word' id='word_1_38' title='bbox 898 1077 1037 1132; x_wconf 88' lang='lat' dir='ltr'>mensas,</span> <span class='ocrx_word' id='word_1_39' title='bbox 1069 1056 1158 1116; x_wconf 91' lang='lat' dir='ltr'>nullo</span> 
     </span>
     <span class='ocr_line' id='line_1_7' title="bbox 138 1168 1159 1253; baseline -0.004 -17"><span class='ocrx_word' id='word_1_40' title='bbox 138 1188 241 1249; x_wconf 88' lang='lat' dir='ltr'>metu,</span> <span class='ocrx_word' id='word_1_41' title='bbox 266 1196 332 1237; x_wconf 91' lang='lat' dir='ltr'>non</span> <span class='ocrx_word' id='word_1_42' title='bbox 355 1173 535 1253; x_wconf 80' lang='lat' dir='ltr'>antepositis</span> <span class='ocrx_word' id='word_1_43' title='bbox 555 1174 678 1253; x_wconf 89' lang='lat' dir='ltr'>vigiliis.</span> <span class='ocrx_word' id='word_1_44' title='bbox 721 1171 801 1235; x_wconf 92' lang='lat' dir='ltr'>adeo</span> <span class='ocrx_word' id='word_1_45' title='bbox 822 1185 934 1235; x_wconf 91' lang='lat' dir='ltr'>cuncta</span> <span class='ocrx_word' id='word_1_46' title='bbox 954 1171 1077 1234; x_wconf 88' lang='lat' dir='ltr'>incuria</span> <span class='ocrx_word' id='word_1_47' title='bbox 1096 1168 1159 1232; x_wconf 90' lang='lat' dir='ltr'>dis·</span> 
     </span>
     <span class='ocr_line' id='line_1_8' title="bbox 139 1285 1160 1370; baseline -0.001 -22"><span class='ocrx_word' id='word_1_48' title='bbox 139 1294 218 1364; x_wconf 83' lang='lat' dir='ltr'>jecta</span> <span class='ocrx_word' id='word_1_49' title='bbox 245 1299 353 1348; x_wconf 91' lang='lat' dir='ltr'>erant:</span> <span class='ocrx_word' id='word_1_50' title='bbox 387 1307 490 1368; x_wconf 89' lang='lat' dir='ltr'>neque</span> <span class='ocrx_word' id='word_1_51' title='bbox 515 1286 590 1348; x_wconf 88' lang='lat' dir='ltr'>belli</span> <span class='ocrx_word' id='word_1_52' title='bbox 610 1285 722 1364; x_wconf 91' lang='lat' dir='ltr'>timor,</span> <span class='ocrx_word' id='word_1_53' title='bbox 746 1307 782 1347; x_wconf 93' lang='lat' dir='ltr'>ac</span> <span class='ocrx_word' id='word_1_54' title='bbox 803 1308 844 1349; x_wconf 89' lang='lat' dir='ltr'>ne</span> <span class='ocrx_word' id='word_1_55' title='bbox 865 1308 930 1369; x_wconf 89' lang='lat' dir='ltr'>pax</span> <span class='ocrx_word' id='word_1_56' title='bbox 951 1286 1077 1370; x_wconf 91' lang='lat' dir='ltr'>quidem</span> <span class='ocrx_word' id='word_1_57' title='bbox 1098 1287 1160 1349; x_wconf 89' lang='lat' dir='ltr'>nisi</span> 
     </span>
     <span class='ocr_line' id='line_1_9' title="bbox 137 1399 778 1482; baseline -0.002 -20"><span class='ocrx_word' id='word_1_58' title='bbox 137 1399 284 1482; x_wconf 90' lang='lat' dir='ltr'>languida</span> <span class='ocrx_word' id='word_1_59' title='bbox 307 1412 337 1462; x_wconf 91' lang='lat' dir='ltr'>et</span> <span class='ocrx_word' id='word_1_60' title='bbox 358 1402 461 1463; x_wconf 89' lang='lat' dir='ltr'>soluta</span> <span class='ocrx_word' id='word_1_61' title='bbox 480 1399 563 1461; x_wconf 90' lang='lat' dir='ltr'>inter</span> <span class='ocrx_word' id='word_1_62' title='bbox 583 1401 778 1461; x_wconf 87' lang='lat' dir='ltr'>temulentos.</span> 
     </span>
    </p>

    <p class='ocr_par' dir='ltr' id='par_1_3' title="bbox 137 1512 1242 4215">
     <span class='ocr_line' id='line_1_10' title="bbox 224 1512 1242 1597; baseline -0.004 -23"><span class='ocrx_word' id='word_1_63' title='bbox 224 1513 342 1576; x_wconf 88' lang='lat' dir='ltr'>Caesar</span> <span class='ocrx_word' id='word_1_64' title='bbox 361 1512 468 1579; x_wconf 83' lang='lat' dir='ltr'>avidas</span> <span class='ocrx_word' id='word_1_65' title='bbox 488 1516 642 1594; x_wconf 85' lang='lat' dir='ltr'>legiones,</span> <span class='ocrx_word' id='word_1_66' title='bbox 674 1536 738 1597; x_wconf 92' lang='lat' dir='ltr'>quo</span> <span class='ocrx_word' id='word_1_67' title='bbox 763 1514 858 1576; x_wconf 85' lang='lat' dir='ltr'>lati0r</span> <span class='ocrx_word' id='word_1_68' title='bbox 882 1516 1045 1595; x_wconf 89' lang='lat' dir='ltr'>populatio</span> <span class='ocrx_word' id='word_1_69' title='bbox 1066 1514 1157 1592; x_wconf 83' lang='lat' dir='ltr'>toret,</span> <span class='ocrx_word' id='word_1_70' title='bbox 1173 1523 1242 1585; x_wconf 79' lang='lat' dir='ltr'>t,st</span> 
     </span>
     <span class='ocr_line' id='line_1_11' title="bbox 139 1628 1159 1712; baseline -0.003 -22"><span class='ocrx_word' id='word_1_71' title='bbox 139 1640 288 1712; x_wconf 86' lang='lat' dir='ltr'>quattuor</span> <span class='ocrx_word' id='word_1_72' title='bbox 307 1630 342 1691; x_wconf 90' lang='lat' dir='ltr'>in</span> <span class='ocrx_word' id='word_1_73' title='bbox 364 1651 480 1692; x_wconf 89' lang='lat' dir='ltr'>cuneos</span> <span class='ocrx_word' id='word_1_74' title='bbox 502 1629 659 1712; x_wconf 87' lang='lat' dir='ltr'>dispertit,</span> <span class='ocrx_word' id='word_1_75' title='bbox 686 1631 913 1712; x_wconf 83' lang='lat' dir='ltr'>quinquaginta</span> <span class='ocrx_word' id='word_1_76' title='bbox 933 1628 1065 1690; x_wconf 88' lang='lat' dir='ltr'>millium</span> <span class='ocrx_word' id='word_1_77' title='bbox 1088 1649 1159 1708; x_wconf 89' lang='lat' dir='ltr'>spa·</span> 
     </span>
     <span class='ocr_line' id='line_1_12' title="bbox 137 1744 1159 1828; baseline 0 -24"><span class='ocrx_word' id='word_1_78' title='bbox 137 1744 216 1807; x_wconf 91' lang='lat' dir='ltr'>tium</span> <span class='ocrx_word' id='word_1_79' title='bbox 239 1745 326 1806; x_wconf 87' lang='lat' dir='ltr'>ferro</span> <span class='ocrx_word' id='word_1_80' title='bbox 350 1744 545 1828; x_wconf 88' lang='lat' dir='ltr'>flammisque</span> <span class='ocrx_word' id='word_1_81' title='bbox 567 1756 742 1826; x_wconf 89' lang='lat' dir='ltr'>pervastat:</span> <span class='ocrx_word' id='word_1_82' title='bbox 768 1765 834 1806; x_wconf 88' lang='lat' dir='ltr'>non</span> <span class='ocrx_word' id='word_1_83' title='bbox 855 1764 966 1820; x_wconf 85' lang='lat' dir='ltr'>sexus,</span> <span class='ocrx_word' id='word_1_84' title='bbox 989 1762 1054 1805; x_wconf 89' lang='lat' dir='ltr'>non</span> <span class='ocrx_word' id='word_1_85' title='bbox 1076 1754 1159 1804; x_wconf 90' lang='lat' dir='ltr'>aetas</span> 
     </span>
     <span class='ocr_line' id='line_1_13' title="bbox 138 1858 1160 1942; baseline 0 -22"><span class='ocrx_word' id='word_1_86' title='bbox 138 1860 371 1922; x_wconf 87' lang='lat' dir='ltr'>miserationem</span> <span class='ocrx_word' id='word_1_87' title='bbox 391 1861 512 1938; x_wconf 87' lang='lat' dir='ltr'>attulit,</span> <span class='ocrx_word' id='word_1_88' title='bbox 541 1861 676 1942; x_wconf 84' lang='lat' dir='ltr'>profana</span> <span class='ocrx_word' id='word_1_89' title='bbox 696 1860 790 1922; x_wconf 84' lang='lat' dir='ltr'>simul</span> <span class='ocrx_word' id='word_1_90' title='bbox 812 1872 843 1921; x_wconf 89' lang='lat' dir='ltr'>et</span> <span class='ocrx_word' id='word_1_91' title='bbox 861 1881 949 1922; x_wconf 88' lang='lat' dir='ltr'>sacra</span> <span class='ocrx_word' id='word_1_92' title='bbox 970 1869 1001 1920; x_wconf 90' lang='lat' dir='ltr'>et</span> <span class='ocrx_word' id='word_1_93' title='bbox 1023 1858 1160 1920; x_wconf 88' lang='lat' dir='ltr'>celeber-</span> 
     </span>
     <span class='ocr_line' id='line_1_14' title="bbox 137 1975 1161 2058; baseline -0.002 -22"><span class='ocrx_word' id='word_1_94' title='bbox 137 1975 259 2036; x_wconf 90' lang='lat' dir='ltr'>rimum</span> <span class='ocrx_word' id='word_1_95' title='bbox 279 1975 341 2035; x_wconf 88' lang='lat' dir='ltr'>illis</span> <span class='ocrx_word' id='word_1_96' title='bbox 362 1978 503 2054; x_wconf 90' lang='lat' dir='ltr'>gentibus</span> <span class='ocrx_word' id='word_1_97' title='bbox 525 1978 686 2057; x_wconf 89' lang='lat' dir='ltr'>templum,</span> <span class='ocrx_word' id='word_1_98' title='bbox 709 1975 796 2058; x_wconf 89' lang='lat' dir='ltr'>quod</span> <span class='ocrx_word' id='word_1_99' title='bbox 814 1975 976 2039; x_wconf 83' lang='lat' dir='ltr'>Tanfanae</span> <span class='ocrx_word' id='word_1_100' title='bbox 997 1976 1161 2050; x_wconf 80' lang='lat' dir='ltr'>vocabant,</span> 
     </span>
     <span class='ocr_line' id='line_1_15' title="bbox 139 2087 1159 2169; baseline 0 -21"><span class='ocrx_word' id='word_1_101' title='bbox 139 2089 209 2148; x_wconf 89' lang='lat' dir='ltr'>solo</span> <span class='ocrx_word' id='word_1_102' title='bbox 233 2100 418 2168; x_wconf 82' lang='lat' dir='ltr'>aequantur.</span> <span class='ocrx_word' id='word_1_103' title='bbox 460 2089 526 2152; x_wconf 89' lang='lat' dir='ltr'>sine</span> <span class='ocrx_word' id='word_1_104' title='bbox 551 2091 684 2154; x_wconf 88' lang='lat' dir='ltr'>vulnere</span> <span class='ocrx_word' id='word_1_105' title='bbox 706 2089 836 2164; x_wconf 90' lang='lat' dir='ltr'>milites,</span> <span class='ocrx_word' id='word_1_106' title='bbox 869 2088 924 2169; x_wconf 89' lang='lat' dir='ltr'>qui</span> <span class='ocrx_word' id='word_1_107' title='bbox 946 2087 1159 2163; x_wconf 87' lang='lat' dir='ltr'>semisomnos,</span> 
     </span>
     <span class='ocr_line' id='line_1_16' title="bbox 139 2198 1160 2281; baseline 0.002 -21"><span class='ocrx_word' id='word_1_108' title='bbox 139 2200 279 2262; x_wconf 89' lang='lat' dir='ltr'>inermos</span> <span class='ocrx_word' id='word_1_109' title='bbox 294 2212 349 2261; x_wconf 90' lang='lat' dir='ltr'>aut</span> <span class='ocrx_word' id='word_1_110' title='bbox 362 2205 502 2281; x_wconf 88' lang='lat' dir='ltr'>palantes</span> <span class='ocrx_word' id='word_1_111' title='bbox 516 2201 702 2265; x_wconf 88' lang='lat' dir='ltr'>ceciderant.</span> <span class='ocrx_word' id='word_1_112' title='bbox 725 2200 850 2264; x_wconf 84' lang='lat' dir='ltr'>Excivit</span> <span class='ocrx_word' id='word_1_113' title='bbox 861 2221 897 2262; x_wconf 90' lang='lat' dir='ltr'>ea</span> <span class='ocrx_word' id='word_1_114' title='bbox 909 2198 1017 2262; x_wconf 89' lang='lat' dir='ltr'>caedes</span> <span class='ocrx_word' id='word_1_115' title='bbox 1029 2201 1160 2262; x_wconf 90' lang='lat' dir='ltr'>Bructe-</span> 
     </span>
     <span class='ocr_line' id='line_1_17' title="bbox 138 2317 1160 2401; baseline 0.004 -25"><span class='ocrx_word' id='word_1_116' title='bbox 138 2337 201 2392; x_wconf 88' lang='lat' dir='ltr'>ros,</span> <span class='ocrx_word' id='word_1_117' title='bbox 218 2317 388 2394; x_wconf 88' lang='lat' dir='ltr'>Tubantes,</span> <span class='ocrx_word' id='word_1_118' title='bbox 403 2318 565 2399; x_wconf 81' lang='lat' dir='ltr'>Usipetes3</span> <span class='ocrx_word' id='word_1_119' title='bbox 586 2320 756 2401; x_wconf 87' lang='lat' dir='ltr'>saltusque,</span> <span class='ocrx_word' id='word_1_120' title='bbox 772 2339 831 2399; x_wconf 88' lang='lat' dir='ltr'>per</span> <span class='ocrx_word' id='word_1_121' title='bbox 849 2339 928 2400; x_wconf 91' lang='lat' dir='ltr'>quos</span> <span class='ocrx_word' id='word_1_122' title='bbox 945 2318 1095 2380; x_wconf 83' lang='lat' dir='ltr'>exercitui</span> <span class='ocrx_word' id='word_1_123' title='bbox 1108 2338 1160 2380; x_wconf 90' lang='lat' dir='ltr'>re-</span> 
     </span>
     <span class='ocr_line' id='line_1_18' title="bbox 139 2430 1161 2515; baseline 0 -22"><span class='ocrx_word' id='word_1_124' title='bbox 139 2452 273 2511; x_wconf 86' lang='lat' dir='ltr'>gressus,</span> <span class='ocrx_word' id='word_1_125' title='bbox 296 2431 449 2494; x_wconf 89' lang='lat' dir='ltr'>insedere.</span> <span class='ocrx_word' id='word_1_126' title='bbox 492 2431 578 2515; x_wconf 92' lang='lat' dir='ltr'>quod</span> <span class='ocrx_word' id='word_1_127' title='bbox 594 2454 726 2513; x_wconf 88' lang='lat' dir='ltr'>gnarum</span> <span class='ocrx_word' id='word_1_128' title='bbox 744 2430 832 2507; x_wconf 90' lang='lat' dir='ltr'>duci,</span> <span class='ocrx_word' id='word_1_129' title='bbox 852 2433 1041 2515; x_wconf 84' lang='lat' dir='ltr'>incessitque</span> <span class='ocrx_word' id='word_1_130' title='bbox 1054 2432 1161 2495; x_wconf 87' lang='lat' dir='ltr'>itineri</span> 
     </span>
     <span class='ocr_line' id='line_1_19' title="bbox 139 2546 1160 2631; baseline 0.001 -23"><span class='ocrx_word' id='word_1_131' title='bbox 139 2560 170 2608; x_wconf 87' lang='lat' dir='ltr'>et</span> <span class='ocrx_word' id='word_1_132' title='bbox 182 2546 316 2627; x_wconf 87' lang='lat' dir='ltr'>proelio.</span> <span class='ocrx_word' id='word_1_133' title='bbox 349 2566 422 2628; x_wconf 89' lang='lat' dir='ltr'>pars</span> <span class='ocrx_word' id='word_1_134' title='bbox 437 2546 577 2631; x_wconf 92' lang='lat' dir='ltr'>equitum</span> <span class='ocrx_word' id='word_1_135' title='bbox 594 2561 624 2609; x_wconf 88' lang='lat' dir='ltr'>et</span> <span class='ocrx_word' id='word_1_136' title='bbox 639 2548 823 2610; x_wconf 87' lang='lat' dir='ltr'>auxiliariae</span> <span class='ocrx_word' id='word_1_137' title='bbox 839 2549 981 2611; x_wconf 88' lang='lat' dir='ltr'>cobortes</span> <span class='ocrx_word' id='word_1_138' title='bbox 996 2547 1160 2624; x_wconf 85' lang='lat' dir='ltr'>ducebant,</span> 
     </span>
     <span class='ocr_line' id='line_1_20' title="bbox 141 2660 1160 2742; baseline 0.002 -21"><span class='ocrx_word' id='word_1_139' title='bbox 141 2681 216 2723; x_wconf 84' lang='lat' dir='ltr'>mox</span> <span class='ocrx_word' id='word_1_140' title='bbox 233 2661 334 2741; x_wconf 90' lang='lat' dir='ltr'>prima</span> <span class='ocrx_word' id='word_1_141' title='bbox 353 2662 445 2739; x_wconf 89' lang='lat' dir='ltr'>legio,</span> <span class='ocrx_word' id='word_1_142' title='bbox 468 2673 498 2723; x_wconf 89' lang='lat' dir='ltr'>ct</span> <span class='ocrx_word' id='word_1_143' title='bbox 518 2661 627 2723; x_wconf 86' lang='lat' dir='ltr'>mediis</span> <span class='ocrx_word' id='word_1_144' title='bbox 648 2660 878 2742; x_wconf 86' lang='lat' dir='ltr'>impedimentis</span> <span class='ocrx_word' id='word_1_145' title='bbox 898 2662 1057 2723; x_wconf 87' lang='lat' dir='ltr'>sinistrum</span> <span class='ocrx_word' id='word_1_146' title='bbox 1077 2663 1160 2723; x_wconf 89' lang='lat' dir='ltr'>latus</span> 
     </span>
     <span class='ocr_line' id='line_1_21' title="bbox 140 2774 1159 2857; baseline -0.002 -21"><span class='ocrx_word' id='word_1_147' title='bbox 140 2774 411 2851; x_wconf 85' lang='lat' dir='ltr'>unetvicesimani‚</span> <span class='ocrx_word' id='word_1_148' title='bbox 438 2774 584 2837; x_wconf 86' lang='lat' dir='ltr'>dextrum</span> <span class='ocrx_word' id='word_1_149' title='bbox 606 2774 750 2857; x_wconf 88' lang='lat' dir='ltr'>quintani</span> <span class='ocrx_word' id='word_1_150' title='bbox 772 2775 927 2853; x_wconf 87' lang='lat' dir='ltr'>clausere,</span> <span class='ocrx_word' id='word_1_151' title='bbox 947 2775 1094 2838; x_wconf 86' lang='lat' dir='ltr'>vicesima</span> <span class='ocrx_word' id='word_1_152' title='bbox 1113 2776 1159 2835; x_wconf 89' lang='lat' dir='ltr'>le·</span> 
     </span>
     <span class='ocr_line' id='line_1_22' title="bbox 140 2886 1160 2969; baseline 0 -18"><span class='ocrx_word' id='word_1_153' title='bbox 140 2890 191 2969; x_wconf 89' lang='lat' dir='ltr'>gio</span> <span class='ocrx_word' id='word_1_154' title='bbox 220 2902 306 2969; x_wconf 89' lang='lat' dir='ltr'>terga</span> <span class='ocrx_word' id='word_1_155' title='bbox 334 2888 487 2965; x_wconf 88' lang='lat' dir='ltr'>firmavit,</span> <span class='ocrx_word' id='word_1_156' title='bbox 518 2900 590 2969; x_wconf 87' lang='lat' dir='ltr'>post</span> <span class='ocrx_word' id='word_1_157' title='bbox 618 2888 714 2951; x_wconf 90' lang='lat' dir='ltr'>ceteri</span> <span class='ocrx_word' id='word_1_158' title='bbox 743 2887 910 2950; x_wconf 88' lang='lat' dir='ltr'>sociorum.</span> <span class='ocrx_word' id='word_1_159' title='bbox 958 2886 1021 2949; x_wconf 89' lang='lat' dir='ltr'>Sed</span> <span class='ocrx_word' id='word_1_160' title='bbox 1045 2887 1160 2965; x_wconf 83' lang='lat' dir='ltr'>hostes,</span> 
     </span>
     <span class='ocr_line' id='line_1_23' title="bbox 141 3003 1160 3088; baseline 0.002 -21"><span class='ocrx_word' id='word_1_161' title='bbox 141 3004 243 3069; x_wconf 87' lang='lat' dir='ltr'>donec</span> <span class='ocrx_word' id='word_1_162' title='bbox 270 3026 380 3086; x_wconf 87' lang='lat' dir='ltr'>agmen</span> <span class='ocrx_word' id='word_1_163' title='bbox 400 3026 459 3088; x_wconf 84' lang='lat' dir='ltr'>per</span> <span class='ocrx_word' id='word_1_164' title='bbox 480 3006 576 3067; x_wconf 88' lang='lat' dir='ltr'>saltus</span> <span class='ocrx_word' id='word_1_165' title='bbox 600 3006 829 3087; x_wconf 89' lang='lat' dir='ltr'>porrigeretur,</span> <span class='ocrx_word' id='word_1_166' title='bbox 853 3006 994 3081; x_wconf 90' lang='lat' dir='ltr'>immoti,</span> <span class='ocrx_word' id='word_1_167' title='bbox 1020 3003 1094 3068; x_wconf 90' lang='lat' dir='ltr'>dein</span> <span class='ocrx_word' id='word_1_168' title='bbox 1114 3006 1160 3069; x_wconf 88' lang='lat' dir='ltr'>la-</span> 
     </span>
     <span class='ocr_line' id='line_1_24' title="bbox 140 3118 1160 3185; baseline 0 -4"><span class='ocrx_word' id='word_1_169' title='bbox 140 3134 208 3182; x_wconf 88' lang='lat' dir='ltr'>tera</span> <span class='ocrx_word' id='word_1_170' title='bbox 238 3131 268 3183; x_wconf 92' lang='lat' dir='ltr'>et</span> <span class='ocrx_word' id='word_1_171' title='bbox 296 3121 431 3183; x_wconf 85' lang='lat' dir='ltr'>frontem</span> <span class='ocrx_word' id='word_1_172' title='bbox 460 3118 582 3182; x_wconf 89' lang='lat' dir='ltr'>modice</span> <span class='ocrx_word' id='word_1_173' title='bbox 610 3118 799 3185; x_wconf 89' lang='lat' dir='ltr'>adsultantes</span> <span class='ocrx_word' id='word_1_174' title='bbox 821 3132 887 3181; x_wconf 92' lang='lat' dir='ltr'>tota</span> <span class='ocrx_word' id='word_1_175' title='bbox 912 3122 946 3185; x_wconf 83' lang='lat' dir='ltr'>vi</span> <span class='ocrx_word' id='word_1_176' title='bbox 974 3121 1160 3185; x_wconf 83' lang='lat' dir='ltr'>novissimos</span> 
     </span>
     <span class='ocr_line' id='line_1_25' title="bbox 138 3233 1161 3316; baseline 0.001 -21"><span class='ocrx_word' id='word_1_177' title='bbox 138 3234 314 3296; x_wconf 89' lang='lat' dir='ltr'>incurrere.</span> <span class='ocrx_word' id='word_1_178' title='bbox 355 3234 642 3316; x_wconf 88' lang='lat' dir='ltr'>Turbabanturque</span> <span class='ocrx_word' id='word_1_179' title='bbox 673 3233 778 3296; x_wconf 89' lang='lat' dir='ltr'>densis</span> <span class='ocrx_word' id='word_1_180' title='bbox 803 3233 1034 3297; x_wconf 88' lang='lat' dir='ltr'>Germanorum</span> <span class='ocrx_word' id='word_1_181' title='bbox 1062 3247 1161 3296; x_wconf 90' lang='lat' dir='ltr'>cater-</span> 
     </span>
     <span class='ocr_line' id='line_1_26' title="bbox 139 3346 1161 3424; baseline 0.001 -13"><span class='ocrx_word' id='word_1_182' title='bbox 139 3348 188 3411; x_wconf 82' lang='lat' dir='ltr'>vis</span> <span class='ocrx_word' id='word_1_183' title='bbox 209 3350 295 3412; x_wconf 87' lang='lat' dir='ltr'>leves</span> <span class='ocrx_word' id='word_1_184' title='bbox 317 3348 479 3424; x_wconf 88' lang='lat' dir='ltr'>cohortes,</span> <span class='ocrx_word' id='word_1_185' title='bbox 507 3369 577 3409; x_wconf 93' lang='lat' dir='ltr'>cum</span> <span class='ocrx_word' id='word_1_186' title='bbox 599 3369 704 3410; x_wconf 86' lang='lat' dir='ltr'>caesar</span> <span class='ocrx_word' id='word_1_187' title='bbox 724 3346 871 3412; x_wconf 87' lang='lat' dir='ltr'>advectus</span> <span class='ocrx_word' id='word_1_188' title='bbox 896 3348 935 3411; x_wconf 91' lang='lat' dir='ltr'>ad</span> <span class='ocrx_word' id='word_1_189' title='bbox 955 3349 1161 3413; x_wconf 84' lang='lat' dir='ltr'>vicesimanos</span> 
     </span>
     <span class='ocr_line' id='line_1_27' title="bbox 139 3464 1161 3547; baseline -0.001 -20"><span class='ocrx_word' id='word_1_190' title='bbox 139 3484 219 3527; x_wconf 79' lang='lat' dir='ltr'>voce</span> <span class='ocrx_word' id='word_1_191' title='bbox 249 3483 363 3542; x_wconf 87' lang='lat' dir='ltr'>magna</span> <span class='ocrx_word' id='word_1_192' title='bbox 397 3464 458 3528; x_wconf 87' lang='lat' dir='ltr'>hoc</span> <span class='ocrx_word' id='word_1_193' title='bbox 487 3464 567 3526; x_wconf 86' lang='lat' dir='ltr'>illud</span> <span class='ocrx_word' id='word_1_194' title='bbox 599 3479 721 3547; x_wconf 88' lang='lat' dir='ltr'>tempus</span> <span class='ocrx_word' id='word_1_195' title='bbox 754 3465 966 3529; x_wconf 88' lang='lat' dir='ltr'>obliterandae</span> <span class='ocrx_word' id='word_1_196' title='bbox 1001 3467 1161 3530; x_wconf 87' lang='lat' dir='ltr'>seditionis</span> 
     </span>
     <span class='ocr_line' id='line_1_28' title="bbox 141 3577 1162 3660; baseline -0.001 -20"><span class='ocrx_word' id='word_1_197' title='bbox 141 3577 337 3641; x_wconf 88' lang='lat' dir='ltr'>clamitabat:</span> <span class='ocrx_word' id='word_1_198' title='bbox 357 3590 534 3660; x_wconf 87' lang='lat' dir='ltr'>pergerent,</span> <span class='ocrx_word' id='word_1_199' title='bbox 554 3592 762 3660; x_wconf 88' lang='lat' dir='ltr'>properarent</span> <span class='ocrx_word' id='word_1_200' title='bbox 782 3582 906 3660; x_wconf 88' lang='lat' dir='ltr'>culpam</span> <span class='ocrx_word' id='word_1_201' title='bbox 921 3582 956 3642; x_wconf 90' lang='lat' dir='ltr'>in</span> <span class='ocrx_word' id='word_1_202' title='bbox 977 3578 1070 3642; x_wconf 89' lang='lat' dir='ltr'>decus</span> <span class='ocrx_word' id='word_1_203' title='bbox 1090 3600 1162 3642; x_wconf 79' lang='lat' dir='ltr'>ver-</span> 
     </span>
     <span class='ocr_line' id='line_1_29' title="bbox 139 3694 1163 3778; baseline 0.001 -25"><span class='ocrx_word' id='word_1_204' title='bbox 139 3704 218 3755; x_wconf 87' lang='lat' dir='ltr'>tere.</span> <span class='ocrx_word' id='word_1_205' title='bbox 268 3694 423 3755; x_wconf 88' lang='lat' dir='ltr'>Exarsere</span> <span class='ocrx_word' id='word_1_206' title='bbox 445 3694 574 3771; x_wconf 89' lang='lat' dir='ltr'>animis,</span> <span class='ocrx_word' id='word_1_207' title='bbox 605 3716 734 3778; x_wconf 88' lang='lat' dir='ltr'>unoque</span> <span class='ocrx_word' id='word_1_208' title='bbox 756 3697 874 3776; x_wconf 90' lang='lat' dir='ltr'>impetu</span> <span class='ocrx_word' id='word_1_209' title='bbox 896 3707 1080 3775; x_wconf 87' lang='lat' dir='ltr'>perruptum</span> <span class='ocrx_word' id='word_1_210' title='bbox 1102 3695 1163 3754; x_wconf 94' lang='lat' dir='ltr'>ho-</span> 
     </span>
     <span class='ocr_line' id='line_1_30' title="bbox 139 3804 1163 3889; baseline -0.003 -20"><span class='ocrx_word' id='word_1_211' title='bbox 139 3820 220 3869; x_wconf 88' lang='lat' dir='ltr'>stem</span> <span class='ocrx_word' id='word_1_212' title='bbox 241 3806 389 3886; x_wconf 87' lang='lat' dir='ltr'>redigunt</span> <span class='ocrx_word' id='word_1_213' title='bbox 408 3808 443 3869; x_wconf 89' lang='lat' dir='ltr'>in</span> <span class='ocrx_word' id='word_1_214' title='bbox 466 3820 574 3889; x_wconf 88' lang='lat' dir='ltr'>aperta</span> <span class='ocrx_word' id='word_1_215' title='bbox 595 3805 802 3889; x_wconf 87' lang='lat' dir='ltr'>caeduntque.</span> <span class='ocrx_word' id='word_1_216' title='bbox 845 3807 938 3869; x_wconf 89' lang='lat' dir='ltr'>simul</span> <span class='ocrx_word' id='word_1_217' title='bbox 957 3804 1050 3885; x_wconf 89' lang='lat' dir='ltr'>primi</span> <span class='ocrx_word' id='word_1_218' title='bbox 1067 3805 1163 3885; x_wconf 89' lang='lat' dir='ltr'>agmi-</span> 
     </span>
     <span class='ocr_line' id='line_1_31' title="bbox 139 3919 1163 4004; baseline 0.004 -25"><span class='ocrx_word' id='word_1_219' title='bbox 139 3921 191 3982; x_wconf 90' lang='lat' dir='ltr'>nis</span> <span class='ocrx_word' id='word_1_220' title='bbox 213 3923 322 4002; x_wconf 88' lang='lat' dir='ltr'>copiae</span> <span class='ocrx_word' id='word_1_221' title='bbox 340 3942 466 3985; x_wconf 85' lang='lat' dir='ltr'>evasere</span> <span class='ocrx_word' id='word_1_222' title='bbox 487 3924 580 3986; x_wconf 84' lang='lat' dir='ltr'>silvas</span> <span class='ocrx_word' id='word_1_223' title='bbox 598 3934 760 4004; x_wconf 87' lang='lat' dir='ltr'>castraque</span> <span class='ocrx_word' id='word_1_224' title='bbox 782 3920 1025 3984; x_wconf 73' lang='lat' dir='ltr'>communicare.</span> <span class='ocrx_word' id='word_1_225' title='bbox 1067 3919 1163 3996; x_wconf 84' lang='lat' dir='ltr'>Quie-</span> 
     </span>
     <span class='ocr_line' id='line_1_32' title="bbox 139 4034 1161 4122; baseline 0.004 -26"><span class='ocrx_word' id='word_1_226' title='bbox 139 4049 210 4097; x_wconf 91' lang='lat' dir='ltr'>tum</span> <span class='ocrx_word' id='word_1_227' title='bbox 232 4035 306 4099; x_wconf 91' lang='lat' dir='ltr'>inde</span> <span class='ocrx_word' id='word_1_228' title='bbox 330 4037 406 4114; x_wconf 90' lang='lat' dir='ltr'>iter,</span> <span class='ocrx_word' id='word_1_229' title='bbox 435 4034 598 4122; x_wconf 87' lang='lat' dir='ltr'>fidensque</span> <span class='ocrx_word' id='word_1_230' title='bbox 619 4036 797 4101; x_wconf 88' lang='lat' dir='ltr'>recentibus</span> <span class='ocrx_word' id='word_1_231' title='bbox 823 4058 858 4099; x_wconf 94' lang='lat' dir='ltr'>ac</span> <span class='ocrx_word' id='word_1_232' title='bbox 882 4037 1026 4120; x_wconf 88' lang='lat' dir='ltr'>priorum</span> <span class='ocrx_word' id='word_1_233' title='bbox 1047 4038 1161 4101; x_wconf 87' lang='lat' dir='ltr'>oblitus</span> 
     </span>
     <span class='ocr_line' id='line_1_33' title="bbox 140 4150 598 4215; baseline 0.009 -4"><span class='ocrx_word' id='word_1_234' title='bbox 140 4152 230 4212; x_wconf 72' lang='lat' dir='ltr'>aniles</span> <span class='ocrx_word' id='word_1_235' title='bbox 251 4150 285 4211; x_wconf 90' lang='lat' dir='ltr'>iu</span> <span class='ocrx_word' id='word_1_236' title='bbox 307 4151 447 4214; x_wconf 80' lang='lat' dir='ltr'>hibernIs</span> <span class='ocrx_word' id='word_1_237' title='bbox 467 4153 598 4215; x_wconf 85' lang='lat' dir='ltr'>locatur.</span> 
     </span>
    </p>
   </div>
   <div class='ocr_carea' id='block_1_3' title="bbox 0 0 1488 4875">
    <p class='ocr_par' dir='ltr' id='par_1_4' title="bbox 0 0 1488 4875">
     <span class='ocr_line' id='line_1_34' title="bbox 0 0 1488 4875; baseline 0 0"><span class='ocrx_word' id='word_1_238' title='bbox 0 0 1488 4875; x_wconf 95' lang='lat' dir='ltr'> </span> 
     </span>
    </p>
   </div>
  </div>
 </body>
</html>
