2959 4875
309 433 352 500 44
651 427 712 498 EX
735 428 991 498 ANNALIBUS

308 626 508 674 remorumve
546 601 730 670 subsidium.
790 605 1004 670 meminissent
1039 602 1135 668 modo
1175 604 1337 682 avaritiae,

210 799 214 808 .
310 720 509 798 crudelitatis,
534 719 718 802 superbiae:
744 717 829 783 aliud
851 720 911 783 sibi
931 718 1091 802 reliquum
1111 739 1208 799 quam
1227 732 1338 783 tenere

309 838 483 902 libertatem
504 836 658 900 autmari
680 846 752 899 ante
773 830 959 900 servitium?

226 949 298 1010 2³¹⁶
396 951 448 1016 Sic
469 971 615 1016 accensos
636 965 667 1016 et
688 952 844 1034 proelium
863 960 1027 1034 poscentes
1048 946 1082 1010 in
1104 967 1263 1028 campum,
1286 945 1340 1009 cui

310 1066 473 1133 Idistaviso
495 1090 627 1146 nomen,
659 1065 827 1132 deducunt.
868 1067 896 1130 is
921 1064 1042 1152 medius
1070 1067 1154 1128 inter
1176 1063 1338 1143 Visurgim

312 1197 342 1246 et
362 1185 466 1259 colles,
487 1197 522 1247 ut
540 1184 629 1266 ripae
649 1183 787 1246 fluminis
808 1181 923 1247 cedunt
938 1196 993 1248 aut
1012 1180 1225 1265 prominentia
1244 1200 1338 1242 mon·

311 1301 388 1362 tium
412 1300 575 1379 resistunt,
607 1299 816 1383 inaequaliter
843 1302 997 1363 sinuatur.
1038 1319 1123 1380 pone
1143 1309 1266 1376 tergum
1287 1295 1338 1356 in·

311 1417 456 1494 surgebat
474 1412 553 1478 silva
578 1410 667 1477 editis
688 1415 720 1476 in
747 1415 843 1477 altrum
864 1414 959 1476 ramis
982 1425 1013 1474 et
1032 1432 1114 1494 pura
1134 1412 1232 1472 hmno
1252 1409 1339 1471 inter

311 1528 459 1591 arborum
488 1539 633 1604 truncos,
670 1547 816 1607 campum
845 1538 876 1588 et
899 1525 1003 1606 prima
1023 1523 1175 1588 silvarum
1198 1523 1338 1584 barbara

310 1641 390 1704 acies
414 1643 530 1706 tenuit:
562 1625 622 1706 soli
647 1639 799 1704 Cherusci
817 1644 890 1721 laga
913 1638 1066 1717 insidere,
1096 1652 1131 1703 ut
1152 1637 1338 1720 proelianti·

309 1756 369 1816 bus
390 1756 539 1818 Romanis
562 1755 696 1837 desuper
718 1757 928 1818 incurrerent.
977 1754 1095 1818 Noster
1116 1754 1273 1817 exercitus
1293 1752 1337 1817 sic

309 1869 451 1932 incessit:
485 1871 653 1932 auxiliares
683 1853 767 1933 Galli
796 1869 1009 1953 Germanique
1041 1871 1077 1932 in
1109 1871 1230 1960 fronte,
1262 1881 1339 1950 post

311 2002 392 2066 quos
418 1982 538 2066 pedites
565 1965 731 2066 sagittarii,
763 1983 836 2049 dein
858 1998 1007 2071 quatnror
1028 1987 1185 2067 legiones,
1215 1997 1338 2049 etcum

311 2096 432 2162 duabus
463 2099 628 2181 praetoriis
659 2101 842 2164 cohortibus
871 2122 905 2164 ac
936 2097 1055 2164 delecto
1085 2100 1191 2182 equite
1218 2117 1336 2176 caesar,

311 2211 384 2284 exin
404 2211 534 2274 totidem
554 2213 632 2275 aliae
652 2213 791 2292 legiones
812 2225 843 2274 et
862 2211 941 2278 levis
963 2225 1120 2275 armatura
1137 2230 1210 2274 cum
1229 2211 1336 2294 equite

309 2324 466 2403 sagittario
496 2339 677 2408 ceteraeque
701 2327 860 2391 sociorum
886 2328 1041 2392 cohortes.
1083 2325 1223 2389 intentus
1242 2347 1338 2408 para·

309 2426 423 2521 tueque'
443 2439 546 2517 miles,
568 2452 604 2502 ut
624 2439 704 2503 ordo
726 2441 857 2520 agminis
880 2441 914 2503 in
938 2442 1036 2504 aciem
1058 2442 1222 2503 assisteret.

225 2563 252 2623 π,
264 2563 294 2613 lt
395 2552 481 2616 Visis
499 2550 731 2617 Cheruscorum
751 2553 892 2632 catervis,
913 2575 994 2638 quae
1017 2574 1076 2635 per
1092 2554 1243 2617 ferociam
1260 2571 1339 2634 pro·

308 2682 477 2750 ruperant,
507 2668 714 2734 validissimos
744 2671 887 2755 equitum
912 2669 1073 2733 incurrere
1093 2670 1193 2748 latus,
1225 2665 1339 2731 Sterti-

309 2784 397 2847 nium
424 2807 494 2849 cum
520 2787 629 2851 ceteris
659 2785 770 2849 terroris
793 2784 996 2866 circumgredi
1017 2798 1165 2868 tergaque
1185 2782 1338 2848 invadere

308 2902 409 2979 jubet,
429 2902 497 2983 ipse
518 2902 714 2982 intempore
735 2900 900 2964 affuturus.
942 2902 1066 2964 Interea
1087 2901 1338 2984 pulcherrimum

309 3015 490 3093 eugenium,
522 3026 593 3077 octo
622 3015 745 3095 aquilae
774 3027 882 3097 petere
909 3015 1003 3079 silvas
1031 3029 1063 3078 et
1091 3016 1211 3078 intrare
1236 3016 1337 3093 visae,

309 3127 531 3209 imperatorem
561 3125 735 3191 advertere.
789 3130 958 3207 exclamat,
990 3127 1090 3208 irent,
1128 3142 1338 3212 sequerentur

308 3261 454 3304 romanas
476 3260 565 3319 aves,
598 3241 730 3323 propria
751 3239 912 3321 legionum
931 3240 1072 3305 numina.
1122 3240 1216 3304 simul
1236 3239 1337 3322 pede·

308 3352 380 3413 stris
402 3354 482 3417 acies
502 3354 638 3416 infertur
659 3367 691 3416 et
707 3354 895 3434 praemissus
916 3374 1013 3436 eques
1033 3366 1209 3435 postremos
1231 3374 1268 3415 ac
1289 3354 1337 3415 la-

307 3478 376 3531 tera
396 3466 537 3547 impulit:
566 3465 744 3548 mirumque
765 3464 867 3544 dictu,
895 3463 960 3528 dno
982 3440 1120 3530 hostium
1141 3467 1264 3547 aginina
1286 3464 1338 3529 di·

308 3598 401 3641 versa
421 3581 512 3659 firgo,
540 3578 596 3662 qui
617 3579 726 3643 silvam
744 3593 910 3644 tenuerant
930 3582 964 3645 in
984 3596 1110 3664 aperta,
1137 3582 1195 3666 qui
1215 3583 1337 3665 campis

307 3689 500 3770 adstiterunt,
520 3692 554 3757 in
578 3694 688 3757 silvam
706 3694 851 3757 ruebant.
891 3692 988 3757 medii
1006 3695 1089 3758 inter
1106 3698 1166 3758 hos
1183 3694 1337 3759 Cherusci

310 3804 442 3869 collibus
475 3806 738 3887 detrudebantur,
781 3810 864 3872 inter
895 3830 975 3893 quos
1009 3809 1139 3891 insignis
1170 3809 1337 3873 Arnrinins

309 3940 415 3994 manu,
436 3941 523 3998 voce,
547 3926 679 3987 vulnere
701 3929 892 3989 sustentabat
914 3945 1061 4005 pugnam,
1083 3925 1336 4007 incubueratque

309 4032 471 4111 sagittariis
497 4035 550 4097 illa
577 4053 747 4120 rupturus,
783 4042 817 4103 ni
838 4040 1009 4101 Raetorum
1030 4038 1335 4121 Vindelicorumque

311 4159 341 4209 et
360 4145 486 4226 gallicae
511 4151 655 4235 cohortes
683 4153 770 4233 signs
795 4153 991 4231 obiecissent.
1039 4156 1110 4219 nisu
1136 4169 1240 4219 tamen
1263 4177 1335 4220 eor-
