2959 4875
307 424 347 489 16
702 415 935 498 GERMANM

304 610 354 659 ter
374 592 560 656 Germaniae
582 592 735 675 populos,
767 614 949 675 quanquam
978 604 1065 657 trans
1089 593 1235 657 Rhenum
1256 596 1325 660 Da·

305 710 500 792 nubiumque
524 708 739 787 consederint,
761 730 816 771 eos
839 709 895 792 qui
916 708 1092 772 deeumates
1116 731 1205 791 agros
1230 732 1326 774 exer·

305 839 386 889 cent.
427 826 602 890 levissimus
624 828 757 910 quisque
776 826 940 889 Gallorum
962 836 994 887 et
1012 825 1122 908 inopia
1142 824 1246 888 audax
1264 826 1324 889 du·

304 942 375 1002 biae
404 940 609 1022 possessionis
638 941 742 1002 solum
771 959 975 1021 ocetspavere.
1019 942 1100 1003 Mox
1125 940 1223 1003 limite
1253 954 1324 1005 acto

302 1059 517 1141 promotisque
538 1054 701 1139 praesidiis
723 1054 811 1120 ainus
837 1054 963 1138 imperii
991 1066 1020 1117 et
1041 1076 1113 1136 pare
1140 1056 1323 1139 provinciae

303 1172 470 1233 habentur.

255 1303 292 1353 so
389 1284 481 1347 Ultra
508 1285 567 1346 hos
597 1282 701 1346 Chatti
727 1281 853 1345 initium
880 1281 962 1345 sedis
992 1282 1032 1344 ab
1060 1281 1212 1365 hercynio
1241 1282 1324 1343 saltu

304 1399 471 1476 inchoant,
500 1417 566 1459 uon
587 1396 630 1458 ita
652 1396 759 1459 effusis
781 1418 817 1458 ac
836 1395 1026 1478 palustribus
1045 1396 1124 1459 loeis
1146 1409 1180 1458 ut
1201 1407 1323 1459 ceterae

305 1512 461 1588 civitates,
494 1510 528 1571 iu
557 1530 634 1592 ques
657 1510 827 1573 Germania
854 1512 999 1592 patescit3
1032 1495 1323 1595 durant¹siquidem

304 1630 418 1705 colles,
453 1628 604 1709 paulatim
625 1640 803 1708 rarescunt,
834 1640 866 1689 et
886 1626 1014 1692 Chattos
1036 1647 1109 1689 suos
1131 1628 1227 1690 saltus
1249 1629 1325 1688 her·

303 1744 413 1825 cynius
437 1743 640 1823 prosequitur
663 1742 757 1803 simul
778 1753 871 1823 atque
892 1737 1032 1822 deponit.
1079 1739 1220 1803 Duriora
1238 1740 1325 1819 genti

304 1876 446 1937 corpora,
469 1856 567 1917 striati
588 1868 693 1933 artus,
722 1856 831 1919 minax
850 1857 955 1920 vultus
978 1868 1010 1917 et
1032 1860 1134 1933 major
1154 1854 1252 1916 animi
1274 1852 1325 1916 vi·

305 1992 371 2052 gor.
412 1974 546 2035 multum
566 1985 602 2035 ut
629 1974 711 2037 inter
736 1973 910 2036 Germanos
933 1972 1064 2035 rationis
1085 1996 1120 2036 ae
1145 1969 1322 2034 sollertiae:

303 2107 500 2169 praeponere
523 2088 654 2165 electos,
685 2084 795 2149 audire
823 2086 1034 2169 praepositos,
1067 2105 1159 2147 nosse
1188 2083 1326 2164 ordines,

303 2202 477 2281 intelligere
497 2202 693 2277 occasiones,
720 2200 847 2263 differre
868 2203 1020 2283 Impetus,
1043 2200 1211 2284 disponere
1231 2198 1325 2279 diem,

303 2319 421 2379 vallars
442 2328 582 2391 noctem,
616 2316 777 2376 tartunam
805 2315 889 2375 iuter
920 2312 1032 2396 dubia,
1063 2315 1212 2380 virtutem
1240 2315 1325 2375 inter

306 2443 389 2492 certa
411 2436 594 2507 numerare,
628 2428 778 2515 quodque
799 2430 994 2494 rarissimum
1014 2453 1072 2494 nee
1092 2430 1154 2493 nisi
1173 2450 1323 2493 romanae

305 2539 485 2624 disciplinae
514 2564 713 2622 concessum,
745 2544 816 2625 plus
837 2566 992 2626 reponere
1018 2545 1052 2605 in
1074 2544 1152 2607 duce
1174 2543 1324 2626 quentin

306 2662 453 2722 exercitu.
505 2655 606 2722 Omne
637 2661 737 2721 robur
766 2658 802 2720 in
831 2659 951 2742 pedite,
986 2681 1079 2742 quem
1109 2680 1206 2740 super
1237 2679 1325 2721 arma

305 2775 502 2838 ferramentis
530 2795 657 2858 quoque
686 2789 716 2838 et
744 2775 841 2858 copiis
865 2787 1007 2838 onerant.
1058 2775 1144 2836 Alios
1170 2771 1210 2834 ad
1229 2793 1324 2854 proe-

304 2888 383 2950 lium
412 2889 459 2950 ire
488 2885 612 2965 videas,
644 2886 774 2950 Chattos
796 2885 836 2948 ad
862 2888 999 2948 bellum:
1033 2887 1099 2948 rari
1121 2873 1269 2948 exeussus
1294 2897 1325 2948 et

305 3003 435 3064 fortuito
461 3023 575 3084 pugna.
617 3002 818 3085 Equestrium
844 3023 919 3064 sane
946 3003 1062 3066 virium
1089 3003 1123 3066 id
1147 3004 1325 3086 proprium,

307 3118 367 3180 cite
389 3137 500 3200 parare
520 3116 703 3194 victoriam,
732 3121 793 3183 cito
815 3117 936 3182 cedere.
976 3119 1123 3182 velocitas
1147 3124 1236 3197 juxta
1257 3119 1324 3180 for-

254 3238 290 3289 ³1
306 3229 473 3309 midinem,
507 3234 661 3295 cunctatio
686 3236 827 3315 'propior
855 3232 1046 3296 constantiae
1076 3244 1133 3296 est.
1182 3232 1223 3294 Et
1255 3231 1323 3294 aliis

307 3341 534 3404 Germanorum
558 3346 684 3427 populis
706 3360 892 3426 usurpatum
912 3366 986 3408 raro
1015 3358 1047 3408 et
1071 3348 1195 3428 private
1220 3352 1324 3424 cujus-

307 3476 369 3537 que
393 3454 539 3518 audentia
562 3457 645 3538 apud
666 3457 795 3519 Chattos
815 3460 850 3520 iu
871 3479 1057 3522 consensum
1077 3461 1179 3536 vertit,
1199 3471 1237 3522 ut
1257 3461 1324 3541 pri-

306 3593 393 3634 mum
423 3569 632 3649 adoleverint,
666 3574 784 3636 crinem
812 3575 1006 3658 barbamque
1034 3577 1233 3651 submittere,
1252 3591 1323 3637 ‘nec

306 3687 367 3748 nisi
395 3686 486 3749 hoste
516 3707 605 3749 caeso
634 3709 751 3750 exuere
779 3693 922 3755 uotiuum
951 3691 1183 3774 obligatumque
1214 3688 1325 3753 virtuti

307 3800 370 3860 oris
392 3799 545 3863 habitum.
588 3823 683 3884 super
702 3803 885 3882 sanguinem
906 3816 937 3865 et
956 3805 1055 3884 spolia
1074 3804 1216 3868 revelant
1235 3804 1324 3865 fron·

306 3926 369 3974 tem
391 3934 487 3997 seque
507 3928 575 3978 tum
590 3915 715 3981 demum
734 3921 836 4002 pretia
857 3917 1005 3982 nascendi
1021 3919 1176 3980 remelius
1197 3914 1325 3996 dignes·

308 4050 369 4111 que
396 4031 497 4111 patria
518 4054 554 4094 ac
583 4036 766 4115 parentibus
794 4035 910 4095 ferunt.
952 4034 1071 4113 ignavis
1093 4047 1124 4094 et
1145 4033 1323 4096 imbellibus

308 4158 412 4208 ntauet
443 4151 580 4229 squalor.
628 4148 831 4215 Fortissimus
862 4151 994 4236 quisque
1026 4151 1164 4212 ferreum
1192 4147 1325 4226 insuper
