2959 4875
471 380 534 451 EX
556 380 792 451 HISTORIIS
1099 384 1142 449 69

117 554 225 621 occiso
254 552 383 618 Nerone
411 553 579 616 translatus
607 553 641 613 in
668 552 801 616 Galbam
829 563 923 637 atque
951 554 985 615 in
1013 575 1050 617 eo
1071 556 1140 637 ipso

117 681 316 733 sacramento
336 666 459 733 vexillis
476 667 635 731 inferioris
654 667 840 733 Germaniae
858 680 1049 751 praeventus
1066 682 1161 733 erat..

116 786 158 848 Et
181 784 315 850 Treveri
339 806 374 847 ac
401 783 576 865 Lingones,
604 794 746 868 quasque
765 786 844 849 'alia's
866 787 1003 851 civitates
1028 788 1142 851 atroci·

117 901 179 961 bus
206 897 314 961 edictis
341 910 396 961 aut
416 896 533 961 damno
556 897 667 964 finium
690 899 791 964 Galba
811 904 1002 983 perculerat,
1023 902 1141 964 ‘hiber-

116 1013 167 1076 nis
195 1012 356 1093 legionum
384 1010 516 1094 propius
543 1011 732 1076 miscentur:
765 1011 849 1077 unde
871 1012 1016 1077 seditiosa
1043 1014 1140 1077 collo·

117 1126 192 1208 quia
213 1137 246 1189 et
265 1127 350 1188 inter
368 1145 507 1207 paganos
528 1129 707 1210 corruptior
727 1129 827 1207 miles,
849 1132 932 1192 etin
952 1129 1137 1209 VerginIum

116 1239 209 1303 favor
233 1238 408 1322 cuicunque
430 1238 484 1302 alii
502 1241 700 1322 profuturus.

200 1352 332 1415 Miserat
360 1352 467 1417 civitas
488 1352 669 1435 Lingonum
689 1368 795 1421 vetere
820 1354 961 1418 instituto
987 1354 1070 1419 dona
1091 1358 1137 1417 le·
1153 1356 1221 1418 ΒΜ

115 1464 272 1544 gionibus‚
289 1464 426 1541 dextras,
442 1465 571 1549 hospitii
587 1467 718 1548 insigne.
757 1469 853 1549 legati
869 1489 979 1531 cortun
992 1468 1026 1529 in
1043 1486 1137 1551 squa-

113 1582 215 1642 lorem
238 1580 487 1664 moestitiamque
511 1582 676 1664 compositi
703 1603 762 1664 pec
787 1582 958 1665 principia,
982 1602 1135 1665 percon·

114 1697 261 1761 tubernia
281 1696 378 1761 modo
399 1718 471 1761 suas
491 1699 640 1777 injurias,
661 1698 758 1763 modo
779 1699 954 1767 vicinarum
976 1699 1134 1771 civitatum

111 1810 272 1891 praemia,
306 1823 338 1873 et
362 1812 418 1874 ubi
442 1815 552 1894 pronis
578 1815 714 1879 militum
744 1816 873 1879 auribus
893 1816 1136 1898 'accipiebantur

110 1925 213 2009 ipsius
244 1925 397 1989 exercitus
430 1928 572 2010 pericula
604 1940 635 1990 et
669 1931 873 1995 contumeliae
906 1941 1134 2013 conquerentes

110 2036 325 2101 accendebant
335 2042 464 2104 ammos.
504 2039 573 2105 Nec
582 2043 695 2123 procul
708 2039 862 2105 seditione
876 2043 1016 2119 aberant,
1034 2060 1135 2123 quum

20 2147 21 2152 ¹
109 2152 313 2217 Hordeonius
329 2154 459 2219 Flaccus
479 2154 566 2221 abire
581 2154 710 2234 legatos,
732 2167 831 2238 utque
851 2154 1003 2217 occultior
1018 2150 1132 2233 digres-

109 2288 166 2330 sus
187 2280 268 2330 esset
287 2281 379 2335 nocte
402 2269 511 2334 cesule
538 2267 690 2331 excedere
717 2271 816 2348 jubet.
865 2267 944 2331 Inde
965 2280 1057 2329 atrox
1077 2287 1133 2328 ru·

108 2405 181 2449 mor
200 2384 427 2450 affirmantibus
447 2385 607 2470 plerisque
629 2386 819 2463 interiectos,
841 2407 875 2448 ac
890 2386 959 2449 ‘nisi
978 2384 1039 2467 ipsi
1058 2403 1133 2448 con-

108 2499 251 2561 sulerent
267 2499 336 2561 iore
353 2511 391 2561 ut
407 2500 551 2562 acerrimi
564 2499 701 2561 militum
724 2511 756 2562 et
774 2500 950 2582 praesentia
970 2496 1134 2581 conquesti

107 2632 167 2694 per
186 2610 332 2674 tenebras
354 2625 385 2674 et
405 2613 561 2678 inscitiam
587 2627 765 2678 ceterorum
793 2613 1020 2676 occiderentur.
1065 2609 1132 2676 Ob·

107 2729 305 2808 stringuntur
321 2728 406 2792 inter
428 2739 462 2792 s'e
481 2707 576 2792 tacito
598 2727 727 2791 foedere
750 2728 899 2808 legiones.
951 2727 1132 2790 adsciscitur

107 2845 299 2907 auxiliorum
324 2846 413 2907 miles
439 2848 543 2927 primo
566 2859 727 2926 suspectus
753 2857 903 2929 tanquam
935 2843 1131 2908 circumdatis

108 2961 291 3024 cohortibus
312 2959 433 3045 alisque
452 2962 588 3044 impetus
613 2962 648 3023 in
676 2960 816 3042 legiones
842 2971 1024 3042 pararetur,
1055 2977 1132 3020 mox

107 3071 218 3140 eadem
239 3075 343 3137 acrius
359 3076 503 3152 solvens,
526 3075 668 3136 faciliore
689 3075 775 3137 inter
796 3075 894 3136 malos
917 3093 1071 3137 consensu
1092 3067 1132 3132 ad

106 3189 223 3250 bellum
229 3235 239 3267 ‚
261 3210 356 3272 quam
377 3189 412 3249 in
434 3210 511 3269 pace
533 3187 573 3250 ad
598 3187 808 3253 concordiam.

188 3303 354 3367 Inferioris
375 3315 480 3364 tamen
502 3302 690 3366 Germaniae
717 3303 856 3382 legiones
884 3302 1008 3364 solenni
1028 3301 1130 3362 calen-
1144 3316 1213 3379 t‚55

104 3416 218 3481 darum
236 3420 452 3497 januariarum
472 3431 668 3482 sacramento
683 3439 743 3502 pro
767 3419 869 3481 Galba
889 3416 1014 3481 adactae
1032 3419 1131 3480 multa

104 3536 318 3612 cunctatione,
338 3546 370 3596 et
389 3535 469 3597 raris
490 3536 667 3616 prImorum
687 3532 837 3598 ordinum
858 3537 1008 3617 uocibus3
1037 3535 1131 3596 ceteri

102 3647 227 3709 silentio
258 3649 397 3729 proxImi
425 3653 578 3733 cujusque
602 3650 767 3714 audaciam
796 3662 1010 3732 exspectantes
1036 3648 1131 3709 insita

102 3763 289 3825 mortalibus
317 3775 430 3826 natura
459 3786 596 3848 propere
624 3767 716 3849 sequi
746 3787 828 3848 quae
858 3766 942 3844 piget
969 3761 1130 3824 inchoare.

100 3877 164 3940 Sed
191 3879 270 3959 ipsis
298 3880 475 3960 legionibus
502 3883 607 3945 inerat
633 3879 796 3945 diversitas
827 3879 1013 3940 animorum.
1061 3875 1128 3956 pri-

99 3991 185 4054 mani
208 3994 415 4077 quintanique
437 3995 556 4058 turbidi
579 3992 668 4071 adeo,
690 4007 725 4056 ut
748 3991 875 4076 quidam
896 4013 973 4056 saxa
994 3992 1028 4054 iu
1051 3992 1125 4054 Gal-

99 4109 158 4169 bae
179 4109 332 4188 imagines
352 4114 500 4189 jecerint:
535 4116 645 4197 quinta
670 4110 801 4174 decuma
831 4131 865 4171 ac
888 4121 976 4172 sexta
998 4105 1126 4170 decuma
