2959 4875
533 453 767 524 orantum
1115 456 1157 521 21

134 643 212 692 tuna
232 627 448 692 Semnonum:
471 640 597 694 centum
616 631 687 712 pagi
707 630 747 694 iis
768 632 964 713 habitantum
983 652 1158 715 magnoque

134 764 272 827 corpore
295 744 446 823 efficitur,
467 757 502 806 ut
523 763 556 806 se
581 743 758 808 Suevorum
780 759 874 828 caput
896 743 1033 809 credant.

222 859 345 922 Contra
365 857 590 938 Langobardos
611 861 752 941 paucitas
772 862 934 939 nobilitat3
956 858 1100 941 plurimis
1122 877 1205 927 aoso

25 985 26 994 ³
132 973 355 1039 valentissimis
379 972 559 1036 nationibus
581 977 674 1038 cincti
696 997 762 1042 non
786 997 844 1058 per
865 976 1070 1058 obsequium,
1102 971 1158 1035 sed

133 1087 265 1168 proeliis
295 1100 325 1149 et
352 1085 559 1168 periclitando
588 1089 649 1150 turi
677 1101 760 1153 sunt.
806 1089 961 1170 Reudigni
987 1085 1099 1150 deindo
1128 1097 1158 1146 et

133 1201 275 1264 Aviones
307 1215 338 1263 et
364 1200 470 1281 Anglii
499 1214 530 1264 et
557 1201 672 1264 Varini
695 1211 726 1264 et
747 1200 888 1266 Eudoses
917 1216 948 1266 et
977 1198 1156 1264 Suardones

135 1327 168 1376 et
181 1315 337 1378 Vithones
355 1311 538 1377 fluminibus
561 1327 616 1377 aut
636 1315 721 1382 silvis
742 1317 937 1382 muniuntur.
979 1315 1047 1377 Nec
1064 1310 1156 1396 quid·

135 1451 231 1512 quam
254 1430 393 1492 notabile
413 1431 448 1491 in
468 1431 613 1510 singulis,
642 1432 705 1495 nisi
725 1431 811 1516 quod
831 1435 866 1494 in
888 1451 1052 1496 commuue
1073 1429 1155 1492 Ner·

133 1547 234 1624 thum,
255 1545 288 1608 id
311 1558 357 1608 est
374 1546 505 1610 Terram
525 1557 657 1610 matrem
679 1550 795 1624 colunt,
815 1569 945 1631 samque
965 1543 1155 1608 interuenire

134 1659 230 1719 rebus
250 1658 434 1735 hominum,
454 1657 565 1722 invehi
585 1657 711 1740 populis
733 1661 935 1723 arbitrantur.
975 1659 1030 1720 Est
1049 1659 1085 1720 in
1107 1657 1156 1717 in-

135 1773 205 1834 sula
229 1774 340 1834 oceani
362 1785 480 1836 castum
506 1793 617 1836 nemus
638 1773 837 1860 dicantmque
858 1777 891 1838 in
918 1795 956 1838 eo
977 1773 1156 1840 vehiculum

133 1900 221 1950 veste
244 1899 433 1950 contectum:
462 1889 612 1969 attingere
637 1892 693 1952 uni
715 1891 869 1956 sacerdoti
890 1912 1082 1955 concessum.
1124 1891 1154 1951 Is

133 1998 248 2062 adesse
273 2003 424 2082 penetrali
446 2000 537 2066 deam
561 2004 706 2086 intelligit
732 2022 914 2091 vectamque
940 2011 1044 2070 bubus
1064 2006 1155 2067 femi·

134 2119 183 2180 nis
206 2119 308 2180 multa
326 2139 396 2180 cum
416 2121 618 2184 veneratione
639 2122 852 2204 prosequitur.
892 2122 968 2182 laeti
984 2131 1061 2180 tunc
1080 2116 1155 2194 dics,

134 2231 214 2292 festa
251 2234 344 2309 loca,
393 2253 599 2316 quaecunque
637 2233 774 2299 adventu
812 2237 1011 2320 hospitioque
1047 2233 1155 2312 digna-

134 2359 197 2408 tur.
253 2367 319 2409 non
350 2348 432 2408 bella
459 2348 585 2427 ineunt,
627 2371 689 2414 non
720 2372 806 2414 arma
836 2362 980 2427 sumunt,
1015 2351 1153 2411 clausum

135 2478 228 2521 omne
251 2460 381 2538 ferrum,
399 2482 463 2543 pax
485 2476 515 2524 et
538 2464 625 2545 quies
646 2478 722 2527 tunc
741 2478 863 2528 tantum
884 2480 968 2541 nota,
989 2479 1062 2528 tunc
1083 2477 1153 2526 tan·

135 2584 203 2635 tum
225 2588 342 2653 amata,
365 2572 464 2638 donec
485 2574 568 2639 idem
590 2578 733 2643 sacerdos
756 2581 895 2644 satiatam
918 2580 1155 2643 conversatione

135 2690 314 2753 mortalium
336 2688 426 2753 deam
446 2692 562 2772 templo
585 2690 704 2755 reddat.
747 2694 827 2755 Mox
849 2691 1023 2756 vehiculum
1046 2705 1077 2753 et
1099 2712 1154 2754 ve·

135 2818 210 2880 stes,
242 2816 274 2866 et
297 2805 324 2867 si
343 2802 470 2867 credere
499 2808 575 2870 velis
599 2828 717 2869 numen
742 2810 846 2889 ipsum
867 2821 984 2869 secreto
1006 2810 1076 2867 lacu
1099 2810 1153 2867 ab·

135 2917 243 2977 luitur.
285 2918 368 2979 servi
389 2917 579 2996 ministrant,
601 2940 681 3001 qnos
703 2920 805 2982 statim
827 2919 911 2981 idem
933 2920 1019 2980 lacus
1040 2918 1155 2978 haurit.

136 3055 267 3096 arcanus
291 3034 364 3095 binc
388 3047 491 3097 terror
511 3048 679 3120 sanctaque
703 3038 895 3119 ignorantia,
916 3033 993 3119 quid
1017 3036 1054 3097 sit
1076 3032 1154 3095 illud

136 3145 223 3227 quod
244 3158 364 3207 tantum
383 3147 516 3228 perituri
537 3146 653 3211 vident.

220 3260 260 3321 Et
282 3262 360 3322 haec
382 3261 506 3344 quidem
528 3286 602 3346 pars
632 3264 809 3330 Suevorum
830 3266 865 3326 in
887 3265 1054 3327 secretiora
1076 3264 1155 3327 Ger·
1167 3270 1198 3323 41

137 3374 258 3434 maniae
288 3376 468 3457 porrigitur.
520 3379 671 3459 Propior,
703 3391 738 3439 ut
768 3376 927 3461 quomodo
958 3368 1057 3459 pauld
1084 3392 1154 3441 aute

136 3489 284 3551 Rhenum
319 3492 361 3552 sic
400 3514 485 3554 nunc
518 3496 702 3557 Danubium
738 3518 868 3581 sequar,
912 3494 1153 3559 Hermunduro-

136 3622 206 3662 rum
238 3603 364 3681 civitas,
394 3604 457 3666 fida
484 3604 650 3688 Romanis3
688 3629 790 3691 eoquo
819 3613 893 3673 solis
924 3611 1155 3673 Germanorum

135 3737 199 3778 non
227 3717 262 3776 in
285 3719 354 3797 ripa
377 3725 611 3793 commercium,
643 3723 698 3787 sed
727 3728 852 3807 penitus
881 3739 975 3808 atque
995 3724 1028 3784 in
1052 3724 1156 3802 splen·

134 3829 295 3894 didissima
323 3832 452 3896 Raetiae
478 3840 657 3919 provinciae
686 3842 820 3903 colonia.
870 3840 988 3900 Passim
1014 3837 1081 3898 sine
1102 3860 1156 3899 cu-

134 3946 222 4009 stode
253 3959 434 4027 transeunt3
467 3964 496 4011 et
526 3972 623 4033 quum
647 3953 756 4014 ceteris
778 3952 922 4031 gentibus
950 3972 1036 4015 arma
1060 3948 1155 4013 modo

133 4074 299 4143 castraque
321 4074 430 4125 nostra
453 4066 669 4142 ostendamus,
692 4069 740 4129 his
765 4066 874 4129 domos
897 4067 1047 4150 villasque
1071 4080 1156 4149 pate·

134 4175 265 4237 fecimus
297 4195 363 4238 non
396 4180 693 4260 concupiscentibus.
743 4180 780 4242 lu
810 4180 1039 4246 Hermunduris
1067 4182 1156 4243 Albis
