2959 4875
496 374 559 443 nx
580 374 816 448 HISTORIIS
1103 387 1165 452 tlt

61 548 62 609 5
140 550 277 613 inettlam
299 546 383 610 inter
405 546 643 631 Germanosque
666 551 895 616 continentium
916 569 1072 620 terrarum
1093 577 1164 639 epe-

49 640 62 707 ‘i
141 666 222 727 ciem
244 664 369 725 fecerat.
412 662 579 725 Tmnaiere
600 664 750 727 Rhenum
762 665 866 730 Tutor
883 688 1011 752 quoque
1032 682 1063 731 et
1077 669 1164 734 (llae-

50 806 63 827 u
141 779 224 842 moue
247 786 423 840 etcertum
443 777 592 843 tredecim
613 780 827 845 Treverorum
848 794 1015 859 senatores,
1037 783 1072 845 in
1094 785 1164 866 qnia

49 880 64 953 'l
140 893 203 955 fuit
223 890 368 973 Alpinius
388 891 569 968 Montanus,
590 912 684 975 quem
707 913 726 954 a
747 894 854 957 Primo
877 895 1016 957 Antonio
1035 896 1164 958 mieanm

49 1022 50 1032 ¹
140 1005 175 1067 in
191 1005 308 1069 Galliae
327 1006 473 1088 superine
489 1008 743 1073 memoravimus.
785 1009 991 1072 comitabatur
1008 1030 1080 1071 eum
1100 1012 1165 1072 fra·

63 1202 64 1209 ¹
139 1128 190 1179 ter
205 1117 355 1180 Decimus
372 1118 528 1200 Alpinius.
572 1118 673 1183 Simul
697 1121 794 1183 ceteri
810 1121 1010 1185 miseratione
1033 1136 1087 1185 aut
1107 1120 1166 1185 do·

49 1249 50 1256 ¹
139 1230 190 1294 nia
215 1231 334 1293 auxilia
354 1234 523 1297 concibant
542 1233 625 1299 inter
645 1249 752 1316 genten
771 1235 984 1319 periculorum
1004 1236 1121 1302 avidae.

227 1345 429 1429 Tantumque
456 1347 532 1411 belli
560 1349 717 1431 superfuit
744 1360 781 1413 nt
801 1348 958 1433 praesidia
980 1351 1165 1431 cohortium,
1179 1366 1250 1429 ⁵‚2o

49 1473 65 1513 ¹}
140 1458 279 1535 alarum,
307 1460 467 1540 legionum
488 1480 555 1523 nno
582 1458 633 1522 die
659 1459 768 1526 Civilia
789 1461 1020 1545 quadripartito
1041 1464 1164 1526 inume-

49 1587 66 1661 '3
139 1574 198 1637 rit:
228 1572 391 1637 decumam
410 1576 565 1657 legionem
585 1576 737 1655 Arenaci,
766 1576 937 1641 secundam
959 1578 1163 1657 Batavoduri,

50 1704 70 1771 ‘j
140 1700 172 1750 et
194 1689 330 1751 Grinnea
352 1688 538 1777 Vadamque
560 1691 737 1757 cohortium
764 1692 948 1775 alarumque
974 1704 1090 1771 castra,
1120 1692 1164 1753 ita

51 1807 70 1892 θ’,
141 1801 249 1867 divitie
266 1803 365 1887 copiis
381 1817 419 1868 ut
436 1804 505 1889 ipae
526 1820 557 1871 et
571 1808 691 1886 Verax,
712 1826 822 1871 acrore
844 1811 911 1886 ejue
924 1806 1055 1887 genitus,
1076 1804 1164 1867 Glae-

49 1921 73 1994 ·ζ
139 1917 285 2001 eicuaque
309 1941 345 1981 ac
368 1919 472 1983 Tutor
490 1942 581 1984 anam
604 1922 738 2005 quiaque
759 1944 889 1985 manum
909 1925 1084 2003 traherent3
1105 1942 1164 1985 nec

49 2049 73 2194 q
141 2033 248 2096 omnia
269 2033 416 2116 patrandi
434 2033 566 2117 fiducia,
591 2036 646 2100 eed
669 2037 768 2101 multa
789 2036 872 2100 anaia
895 2036 1001 2119 aliqua
1021 2036 1056 2097 in
1074 2048 1164 2116 parte

49 2150 52 2173 ³
140 2149 302 2211 fortunam
332 2150 450 2213 afforet
491 2150 585 2213 eimul
610 2151 769 2215 'Cerialem
798 2152 902 2237 neme
933 2150 1008 2215 aetia
1039 2162 1165 2215 cantum

49 2229 74 2374 ἰ
142 2272 172 2323 et
193 2262 339 2343 pluribus
360 2263 479 2327 nuntiis
499 2264 561 2326 hnc
581 2262 657 2329 illuc
677 2273 854 2328 currentem
875 2284 968 2347 posce
990 2262 1093 2328 medio
1114 2264 1163 2326 in-

68 2387 74 2410 ¹
140 2374 263 2458 tercipi.
310 2372 434 2454 Quibus
470 2378 664 2443 obvenerant
693 2392 796 2443 caetra
825 2377 1072 2452 decumanorum
1105 2397 1164 2462 op-

141 2495 365 2575 pugnationem
386 2493 517 2576 legionis
544 2491 676 2556 arduam
702 2495 764 2556 rati
792 2513 955 2572 egressum.
977 2493 1107 2555 militem
1133 2505 1165 2555 et

69 2598 74 2647 Ι
141 2607 307 2671 caedendis
329 2608 466 2671 materiis
495 2613 660 2689 operatum
687 2607 857 2669 turbavere
879 2607 980 2669 occiao
1003 2605 1162 2687 praefecto

141 2736 313 2786 castrorum
334 2735 365 2786 et
384 2723 525 2806 quinque
546 2720 739 2804 primoribue
757 2721 976 2783 centurionum
992 2719 1162 2801 paucisque
1200 2762 1204 2768 -

141 2839 308 2902 militibus:
326 2839 434 2902 ‘ceteri
461 2859 495 2900 ee
518 2838 726 2902 'munhnentIe
756 2834 937 2899 defendere.
976 2836 1016 2897 Et
1035 2834 1162 2896 interim

142 2951 372 3014 Germanorum
404 2971 516 3014 manue
544 2948 739 3014 Batavoduri
770 2951 947 3031 irrumpere
979 2949 1161 3011 irrchoatnm

141 3079 271 3147 pontem
301 3067 492 3128 nitebantur.
535 3066 715 3144 ambignum
744 3063 902 3145 proelium
931 3060 1161 3125 noxdiremit.

69 3146 75 3277 Ι
224 3179 301 3243 Plne
322 3178 512 3258 discriminie
530 3176 614 3258 apud
638 3176 773 3238 Grinnes
796 3174 995 3258 Vadamque.
1036 3171 1161 3235 Vadam
1172 3176 1241 3237 ⁶‚2l

142 3291 267 3372 Civilia,
294 3293 430 3356 Grinnes
452 3292 605 3356 Classicus
627 3292 860 3374 oppugnabant.
904 3311 962 3352 nec
984 3289 1051 3352 niati
1071 3301 1161 3371 pote·

67 3282 76 3563 ῥ
141 3419 212 3468 rant
239 3408 405 3470 interfecto
435 3407 605 3471 fortissimo
635 3427 780 3490 quoque,
808 3405 843 3467 in
868 3404 941 3488 qnia
960 3403 1161 3485 ⁴litiganticue

140 3522 315 3602 praefectur
333 3523 403 3584 alae
425 3521 596 3600 ceciderat,
613 3541 707 3604 quem
726 3517 826 3583 fidum
844 3517 995 3581 Romania
1016 3529 1046 3578 at
1069 3515 1162 3579 Civili

65 3574 75 3771 Ι
140 3639 297 3702 avunculo
318 3637 477 3702 infensum
505 3635 669 3708 (linimus.⁴
694 3635 759 3699 Sed
780 3635 838 3698 nbi
859 3633 988 3698 Cerialia
1011 3651 1085 3693 cnm
1105 3629 1159 3692 de-

65 3796 70 3823 ,
140 3754 219 3814 lecta
241 3751 381 3834 equitum
402 3773 498 3815 manu
519 3750 682 3830 subvenit,
707 3764 800 3814 verta
813 3751 955 3811 'fortuna
974 3743 1158 3826 praecipites

141 3865 289 3928 Germani
310 3866 345 3927 in
367 3885 490 3926 amnem
513 3875 659 3944 aguntur.
701 3861 811 3926 civitio
832 3858 907 3920 dnm
931 3856 1083 3937 fugientes
1108 3875 1158 3915 re-

137 3990 238 4042 tentat
267 3980 404 4060 agnitus,
434 3979 611 4062 petitusque
639 3973 708 4038 telle
735 3973 846 4036 relicto
873 3991 957 4055 equo
981 3969 1159 4033 tranatavit.

137 4097 223 4160 idem
245 4095 375 4159 Veracie
401 4095 562 4175 effugium.
607 4073 761 4156 Tutorem
784 4086 1017 4171 Classicumque
1047 4087 1159 4168 appul-
