2959 4875
333 397 374 460 1o
702 373 954 458 'unanima

331 569 484 633 velamina
503 580 654 649 spargunt
677 567 807 630 maculis
829 567 1026 649 pellibusque
1048 568 1242 644 belluarum,
1271 587 1352 650 quas

330 683 469 744 exterior
490 702 624 744 oceanus
649 694 743 763 atque
763 683 904 760 ignotum
930 701 1015 742 mare
1034 681 1140 760 giguit.
1180 679 1249 742 Nec
1270 679 1352 742 alius

329 799 452 860 feminis
476 818 570 879 quam
599 797 675 861 viris
701 796 844 874 habitus,
876 796 938 857 nisi
959 794 1047 879 quod
1066 795 1203 857 feminae
1224 795 1351 875 saepius

328 913 419 974 lineis
448 913 609 975 amictibus
637 912 784 975 velantur
813 930 931 993 eosque
960 931 1103 992 purpura
1127 908 1250 973 variant
1276 929 1352 989 par-

328 1040 453 1108 temque
482 1028 611 1090 reetitue
640 1026 812 1106 superioris
841 1028 875 1086 in
904 1026 1040 1086 manicas
1069 1045 1134 1086 nou
1163 1020 1351 1098 extendunt,

299 1133 302 1142 “
328 1140 431 1203 nudae
452 1142 582 1204 brachia
603 1162 637 1202 ac
660 1143 802 1219 lacertos,
823 1138 931 1202 eed'et
951 1142 1097 1221 proxima
1117 1158 1191 1220 pars
1211 1138 1350 1218 pectoris

326 1270 422 1338 patet.

279 1379 314 1428 1s
412 1370 602 1454 Quanquam
625 1391 734 1433 severa
755 1370 818 1430 illio
840 1368 1054 1446 aratrimonia,
1082 1391 1139 1431 uec
1161 1370 1259 1430 ullam
1278 1389 1349 1430 mo·

327 1508 396 1548 rum
420 1500 540 1568 partem
561 1485 657 1565 magis
682 1484 870 1548 laudaveris,
918 1506 991 1546 uam
1020 1505 1120 1567 prope
1148 1484 1207 1547 soli
1234 1485 1350 1545 barba-

325 1623 435 1666 rorum
463 1603 591 1683 siugulis
619 1603 775 1664 uxoribus
798 1603 934 1665 contenti
958 1611 1049 1676 suut,
1079 1600 1218 1680 exceptis
1240 1595 1350 1660 admo·

327 1718 402 1780 dum
424 1717 546 1797 quateris,
571 1717 712 1798 quinon
737 1715 867 1777 libidine
890 1712 945 1776 sed
967 1716 1009 1776 ob
1031 1715 1228 1776 nobilitatem
1248 1714 1351 1793 pluri·

325 1835 384 1897 uris
415 1832 531 1912 nuptiis
559 1830 752 1890 ambiuntur.
800 1829 916 1890 Dotem
947 1848 1013 1890 non
1041 1849 1126 1891 uxor
1151 1828 1263 1890 marito
1292 1827 1349 1890 sed

327 1947 422 2008 uxori
451 1945 579 2006 maritus
609 1942 712 2004 offert.
760 1940 914 2004 intersunt
942 1955 1087 2025 parentes
1117 1957 1148 2005 et
1173 1944 1349 2026 propinqui

326 2084 361 2124 ac
384 2082 514 2123 mernere
535 2062 687 2142 probant,
718 2081 850 2122 munera
876 2049 942 2121 non
971 2057 1011 2120 ad
1031 2059 1156 2120 delicias
1177 2060 1348 2121 muliebres

327 2179 475 2260 quaesita,
504 2197 559 2238 uec
582 2176 696 2258 quibus
718 2195 801 2236 nova
825 2186 925 2256 nupta
946 2186 1097 2249 comatur,
1119 2173 1174 2236 sed
1195 2177 1294 2238 boves
1316 2187 1348 2236 et

325 2295 483 2354 frenatum
511 2310 628 2373 equum
656 2304 687 2352 et
714 2303 836 2353 scutum
858 2311 928 2352 cum
950 2291 1071 2351 framea
1092 2288 1269 2372 gladioque.
1311 2290 1347 2351 in

324 2408 401 2468 haec
422 2426 554 2468 munera
575 2425 659 2467 uxor
681 2405 847 2486 accipitur,
880 2416 973 2487 atque
994 2404 1127 2465 invicem
1151 2404 1220 2483 ipsu
1241 2423 1347 2465 armo·

323 2542 395 2582 rum
416 2519 534 2603 ahquid
553 2520 621 2582 viro
645 2520 746 2581 affert.
786 2519 856 2581 Hoc
878 2519 1050 2579 maximum
1072 2517 1246 2593 vinculum,
1268 2518 1346 2579 haec

324 2658 437 2696 ateana
459 2656 561 2711 sacra,
589 2635 648 2695 hos
679 2635 856 2711 conjugales
888 2630 963 2694 deos
993 2631 1194 2693 arbitrantur.
1238 2630 1288 2692 Ne
1311 2650 1345 2691 ee

322 2752 436 2810 umlier
467 2760 556 2809 extra
584 2750 738 2811 virtutum
770 2747 971 2827 cogitationes
1003 2759 1155 2827 extraque
1188 2746 1346 2806 bellorum

322 2990 415 3037 netur
436 2977 545 3040 venire
567 2996 600 3036 se
625 2976 772 3035 laborum
796 2974 1071 3055 periculorumque
1098 2976 1231 3051 sociam,
1259 2973 1345 3035 idem

320 3094 352 3153 iu
380 3110 474 3172 pace,
501 3086 585 3150 idem
614 3089 648 3149 in
674 3089 798 3170 proelio
820 3107 983 3170 passuram
1008 3108 1230 3171 ausuramque.
1272 3088 1344 3151 Hoc

319 3208 418 3281 juncti
440 3208 545 3282 boves,
572 3206 632 3267 hoc
654 3217 781 3287 paratus
804 3226 914 3288 equus,
935 3206 995 3266 hoc
1018 3202 1089 3265 data
1112 3226 1199 3265 arma
1219 3202 1344 3266 denun-

322 3320 418 3395 ciant3
451 3320 494 3378 sic
516 3318 702 3395 vivendum,
728 3318 771 3382 sic
792 3316 1006 3399 pereundum:
1029 3318 1168 3398 accipere
1188 3337 1238 3392 ee,
1259 3338 1343 3399 quae

319 3430 427 3491 liberie
447 3430 597 3491 inviolata
623 3452 657 3491 ac
687 3429 780 3509 digua
806 3428 931 3508 reddat,
966 3451 1046 3512 quae
1068 3452 1167 3494 nurus
1189 3432 1345 3512 accipiant

320 3568 446 3621 rursm,
471 3566 552 3628 quae
575 3545 615 3606 ad
636 3557 767 3624 ucpsotee
787 3546 977 3607 referantur.

273 3668 306 3717 ts
404 3661 487 3739 Ergo
520 3670 606 3739 septa
638 3656 788 3738 pudicitia
818 3670 930 3738 agunt,
968 3660 1062 3721 nullis
1093 3661 1343 3739 spectaculorum

318 3774 490 3850 illecebris,
524 3772 618 3835 nullis
649 3774 868 3837 convitiorum
900 3773 1130 3837 irritationibus
1161 3785 1339 3853 corruptae.

318 3884 496 3948 Literarum
540 3901 658 3951 secreta
692 3890 754 3952 viri
788 3894 907 3971 pariter
944 3911 979 3950 ac
1016 3888 1150 3949 seruinac
1185 3889 1343 3965 ignorant.

319 4001 506 4062 Paucissima
535 4002 568 4063 in
599 4017 661 4065 tam
690 4026 859 4068 numerosa
887 4017 978 4083 geute
1006 4001 1174 4079 adulteria,
1203 4023 1342 4083 quorum

319 4134 420 4196 poeua
448 4137 593 4195 praesens
626 4130 656 4177 et
686 4117 804 4179 maritis
832 4116 994 4197 permissa.
1044 4115 1171 4179 abscisis
1200 4115 1341 4177 crinibus
