<?xml version="1.0" encoding="UTF-8"?>
<!DOCTYPE html PUBLIC "-//W3C//DTD XHTML 1.0 Transitional//EN"
    "http://www.w3.org/TR/xhtml1/DTD/xhtml1-transitional.dtd">
<html xmlns="http://www.w3.org/1999/xhtml" xml:lang="en" lang="en">
 <head>
  <title>
</title>
<meta http-equiv="Content-Type" content="text/html;charset=utf-8" />
  <meta name='ocr-system' content='tesseract 3.04.00' />
  <meta name='ocr-capabilities' content='ocr_page ocr_carea ocr_par ocr_line ocrx_word'/>
</head>
<body>
  <div class='ocr_page' id='page_1' title='image "./tacitigermania00grimgoog_0127.png"; bbox 0 0 2959 4875; ppageno 0'>
   <div class='ocr_carea' id='block_1_1' title="bbox 455 385 1131 495">
    <p class='ocr_par' dir='ltr' id='par_1_1' title="bbox 455 385 1131 495">
     <span class='ocr_line' id='line_1_1' title="bbox 455 385 1131 495; baseline 0.001 -4"><span class='ocrx_word' id='word_1_1' title='bbox 455 424 520 491; x_wconf 80' lang='lat' dir='ltr'>nx</span> <span class='ocrx_word' id='word_1_2' title='bbox 542 423 778 495; x_wconf 78' lang='lat' dir='ltr'>msroaus</span> <span class='ocrx_word' id='word_1_3' title='bbox 1063 385 1131 493; x_wconf 79' lang='lat' dir='ltr'>lto</span> 
     </span>
    </p>
   </div>
   <div class='ocr_carea' id='block_1_2' title="bbox 49 591 1130 2615">
    <p class='ocr_par' dir='ltr' id='par_1_2' title="bbox 49 591 1128 2045">
     <span class='ocr_line' id='line_1_2' title="bbox 79 591 1125 683; baseline 0.004 -26"><span class='ocrx_word' id='word_1_4' title='bbox 79 591 85 664; x_wconf 65' lang='grc' dir='ltr'>ζ</span> <span class='ocrx_word' id='word_1_5' title='bbox 108 599 229 659; x_wconf 84' lang='lat' dir='ltr'>bantur.</span> <span class='ocrx_word' id='word_1_6' title='bbox 273 594 391 675; x_wconf 80' lang='lat' dir='ltr'>adjecta</span> <span class='ocrx_word' id='word_1_7' title='bbox 411 596 520 679; x_wconf 87' lang='lat' dir='ltr'>ingens</span> <span class='ocrx_word' id='word_1_8' title='bbox 541 599 682 663; x_wconf 78' lang='lat' dir='ltr'>lintrium</span> <span class='ocrx_word' id='word_1_9' title='bbox 701 600 750 665; x_wconf 83' lang='lat' dir='ltr'>vis</span> <span class='ocrx_word' id='word_1_10' title='bbox 773 598 813 662; x_wconf 88' lang='lat' dir='ltr'>ad</span> <span class='ocrx_word' id='word_1_11' title='bbox 834 596 968 663; x_wconf 88' lang='lat' dir='ltr'>tricenos</span> <span class='ocrx_word' id='word_1_12' title='bbox 990 599 1125 683; x_wconf 88' lang='lat' dir='ltr'>quadra·</span> 
     </span>
     <span class='ocr_line' id='line_1_3' title="bbox 49 685 1126 792; baseline 0.005 -23"><span class='ocrx_word' id='word_1_13' title='bbox 49 717 59 769; x_wconf 74' lang='grc' dir='ltr'>ζ.</span> <span class='ocrx_word' id='word_1_14' title='bbox 80 685 84 706; x_wconf 62' lang='lat'><strong>¹</strong></span> <span class='ocrx_word' id='word_1_15' title='bbox 108 729 272 792; x_wconf 87' lang='lat' dir='ltr'>genosque.</span> <span class='ocrx_word' id='word_1_16' title='bbox 323 710 376 773; x_wconf 88' lang='lat' dir='ltr'>sed</span> <span class='ocrx_word' id='word_1_17' title='bbox 409 725 600 774; x_wconf 86' lang='lat' dir='ltr'>armamenta</span> <span class='ocrx_word' id='word_1_18' title='bbox 627 714 793 776; x_wconf 87' lang='lat' dir='ltr'>liburnicis</span> <span class='ocrx_word' id='word_1_19' title='bbox 826 714 934 777; x_wconf 88' lang='lat' dir='ltr'>solita:</span> <span class='ocrx_word' id='word_1_20' title='bbox 974 726 1005 775; x_wconf 88' lang='lat' dir='ltr'>et</span> <span class='ocrx_word' id='word_1_21' title='bbox 1033 715 1126 775; x_wconf 90' lang='lat' dir='ltr'>simul</span> 
     </span>
     <span class='ocr_line' id='line_1_4' title="bbox 78 799 1125 913; baseline 0.009 -32"><span class='ocrx_word' id='word_1_22' title='bbox 78 799 87 840; x_wconf 66' lang='lat'><em>*</em></span> <span class='ocrx_word' id='word_1_23' title='bbox 109 834 211 901; x_wconf 88' lang='lat' dir='ltr'>captae</span> <span class='ocrx_word' id='word_1_24' title='bbox 237 824 347 886; x_wconf 79' lang='lat' dir='ltr'>lintres</span> <span class='ocrx_word' id='word_1_25' title='bbox 377 828 490 905; x_wconf 76' lang='lat' dir='ltr'>sagulis</span> <span class='ocrx_word' id='word_1_26' title='bbox 522 828 763 891; x_wconf 88' lang='lat' dir='ltr'>versicoloribus</span> <span class='ocrx_word' id='word_1_27' title='bbox 789 826 876 891; x_wconf 93' lang='lat' dir='ltr'>haud</span> <span class='ocrx_word' id='word_1_28' title='bbox 897 826 1045 891; x_wconf 83' lang='lat' dir='ltr'>indecore</span> <span class='ocrx_word' id='word_1_29' title='bbox 1066 848 1125 913; x_wconf 88' lang='lat' dir='ltr'>pro</span> 
     </span>
     <span class='ocr_line' id='line_1_5' title="bbox 76 939 1125 1044; baseline 0.008 -47"><span class='ocrx_word' id='word_1_30' title='bbox 76 939 83 1044; x_wconf 60' lang='grc' dir='ltr'>ξ</span> <span class='ocrx_word' id='word_1_31' title='bbox 109 939 179 999; x_wconf 85' lang='lat' dir='ltr'>velis</span> <span class='ocrx_word' id='word_1_32' title='bbox 196 940 400 1018; x_wconf 80' lang='lat' dir='ltr'>juvabantur.</span> <span class='ocrx_word' id='word_1_33' title='bbox 444 942 581 1023; x_wconf 88' lang='lat' dir='ltr'>spatium</span> <span class='ocrx_word' id='word_1_34' title='bbox 601 945 689 1008; x_wconf 82' lang='lat' dir='ltr'>velut</span> <span class='ocrx_word' id='word_1_35' title='bbox 709 944 857 1028; x_wconf 88' lang='lat' dir='ltr'>aequoris</span> <span class='ocrx_word' id='word_1_36' title='bbox 877 946 1026 1022; x_wconf 92' lang='lat' dir='ltr'>electum,</span> <span class='ocrx_word' id='word_1_37' title='bbox 1061 964 1125 1026; x_wconf 86' lang='lat' dir='ltr'>quo</span> 
     </span>
     <span class='ocr_line' id='line_1_6' title="bbox 49 1053 1126 1125; baseline 0.002 -10"><span class='ocrx_word' id='word_1_38' title='bbox 49 1095 79 1115; x_wconf 10' lang='lat' dir='ltr'>a·</span> <span class='ocrx_word' id='word_1_39' title='bbox 109 1054 212 1115; x_wconf 89' lang='lat' dir='ltr'>hlosae</span> <span class='ocrx_word' id='word_1_40' title='bbox 245 1053 386 1117; x_wconf 89' lang='lat' dir='ltr'>fluminis</span> <span class='ocrx_word' id='word_1_41' title='bbox 418 1075 454 1117; x_wconf 89' lang='lat' dir='ltr'>os</span> <span class='ocrx_word' id='word_1_42' title='bbox 489 1077 613 1120; x_wconf 89' lang='lat' dir='ltr'>amnem</span> <span class='ocrx_word' id='word_1_43' title='bbox 646 1058 795 1119; x_wconf 87' lang='lat' dir='ltr'>Rhenum</span> <span class='ocrx_word' id='word_1_44' title='bbox 829 1074 946 1125; x_wconf 90' lang='lat' dir='ltr'>oceano</span> <span class='ocrx_word' id='word_1_45' title='bbox 980 1055 1126 1118; x_wconf 88' lang='lat' dir='ltr'>offundit.</span> 
     </span>
     <span class='ocr_line' id='line_1_7' title="bbox 110 1162 1126 1251; baseline 0.006 -24.789"><span class='ocrx_word' id='word_1_46' title='bbox 110 1162 205 1227; x_wconf 82' lang='lat' dir='ltr'>Causa</span> <span class='ocrx_word' id='word_1_47' title='bbox 226 1166 427 1228; x_wconf 81' lang='lat' dir='ltr'>instruendae</span> <span class='ocrx_word' id='word_1_48' title='bbox 449 1168 563 1245; x_wconf 89' lang='lat' dir='ltr'>classis,</span> <span class='ocrx_word' id='word_1_49' title='bbox 583 1190 679 1251; x_wconf 88' lang='lat' dir='ltr'>super</span> <span class='ocrx_word' id='word_1_50' title='bbox 699 1170 825 1233; x_wconf 88' lang='lat' dir='ltr'>insitam</span> <span class='ocrx_word' id='word_1_51' title='bbox 845 1170 930 1251; x_wconf 89' lang='lat' dir='ltr'>genti</span> <span class='ocrx_word' id='word_1_52' title='bbox 947 1169 1126 1247; x_wconf 84' lang='lat' dir='ltr'>vanitatem,</span> 
     </span>
     <span class='ocr_line' id='line_1_8' title="bbox 72 1263 1125 1365; baseline 0.009 -30"><span class='ocrx_word' id='word_1_53' title='bbox 72 1263 79 1274; x_wconf 32' lang='grc' dir='ltr'><strong>Ἦ</strong></span> <span class='ocrx_word' id='word_1_54' title='bbox 110 1288 139 1336; x_wconf 86' lang='lat' dir='ltr'>ut</span> <span class='ocrx_word' id='word_1_55' title='bbox 164 1298 204 1339; x_wconf 90' lang='lat' dir='ltr'>eo</span> <span class='ocrx_word' id='word_1_56' title='bbox 234 1291 355 1339; x_wconf 86' lang='lat' dir='ltr'>terrore</span> <span class='ocrx_word' id='word_1_57' title='bbox 377 1293 569 1342; x_wconf 90' lang='lat' dir='ltr'>commeatus</span> <span class='ocrx_word' id='word_1_58' title='bbox 598 1282 700 1345; x_wconf 89' lang='lat' dir='ltr'>Gallia</span> <span class='ocrx_word' id='word_1_59' title='bbox 729 1282 933 1347; x_wconf 80' lang='lat' dir='ltr'>adventantes</span> <span class='ocrx_word' id='word_1_60' title='bbox 958 1284 1125 1365; x_wconf 85' lang='lat' dir='ltr'>intercipe·</span> 
     </span>
     <span class='ocr_line' id='line_1_9' title="bbox 70 1387 1127 1479; baseline 0.011 -31"><span class='ocrx_word' id='word_1_61' title='bbox 70 1399 74 1416; x_wconf 68' lang='lat'><strong><em>⁵</em></strong></span> <span class='ocrx_word' id='word_1_62' title='bbox 110 1401 224 1452; x_wconf 85' lang='lat' dir='ltr'>rentur.</span> <span class='ocrx_word' id='word_1_63' title='bbox 268 1389 397 1453; x_wconf 86' lang='lat' dir='ltr'>Cerialis</span> <span class='ocrx_word' id='word_1_64' title='bbox 415 1392 571 1457; x_wconf 88' lang='lat' dir='ltr'>miraculo</span> <span class='ocrx_word' id='word_1_65' title='bbox 585 1387 796 1479; x_wconf 71' lang='lat' dir='ltr'>magimquam</span> <span class='ocrx_word' id='word_1_66' title='bbox 815 1410 899 1461; x_wconf 90' lang='lat' dir='ltr'>metu</span> <span class='ocrx_word' id='word_1_67' title='bbox 917 1396 1033 1459; x_wconf 86' lang='lat' dir='ltr'>direxit</span> <span class='ocrx_word' id='word_1_68' title='bbox 1049 1399 1127 1460; x_wconf 90' lang='lat' dir='ltr'>clas·</span> 
     </span>
     <span class='ocr_line' id='line_1_10' title="bbox 110 1507 1126 1591; baseline 0.008 -27"><span class='ocrx_word' id='word_1_69' title='bbox 110 1526 168 1566; x_wconf 90' lang='lat' dir='ltr'>sem</span> <span class='ocrx_word' id='word_1_70' title='bbox 188 1528 324 1571; x_wconf 87' lang='lat' dir='ltr'>numero</span> <span class='ocrx_word' id='word_1_71' title='bbox 344 1507 508 1589; x_wconf 88' lang='lat' dir='ltr'>imparem,</span> <span class='ocrx_word' id='word_1_72' title='bbox 529 1531 589 1572; x_wconf 89' lang='lat' dir='ltr'>usu</span> <span class='ocrx_word' id='word_1_73' title='bbox 605 1511 767 1590; x_wconf 82' lang='lat' dir='ltr'>remigum,</span> <span class='ocrx_word' id='word_1_74' title='bbox 788 1514 1033 1591; x_wconf 82' lang='lat' dir='ltr'>gubernatorum</span> <span class='ocrx_word' id='word_1_75' title='bbox 1050 1523 1126 1586; x_wconf 88' lang='lat' dir='ltr'>arte,</span> 
     </span>
     <span class='ocr_line' id='line_1_11' title="bbox 110 1622 1126 1707; baseline 0.008 -28"><span class='ocrx_word' id='word_1_76' title='bbox 110 1622 233 1683; x_wconf 88' lang='lat' dir='ltr'>navium</span> <span class='ocrx_word' id='word_1_77' title='bbox 263 1622 476 1701; x_wconf 83' lang='lat' dir='ltr'>magnitudine</span> <span class='ocrx_word' id='word_1_78' title='bbox 503 1627 672 1707; x_wconf 86' lang='lat' dir='ltr'>potiorem.</span> <span class='ocrx_word' id='word_1_79' title='bbox 713 1626 763 1688; x_wconf 91' lang='lat' dir='ltr'>his</span> <span class='ocrx_word' id='word_1_80' title='bbox 790 1624 909 1689; x_wconf 87' lang='lat' dir='ltr'>flumen</span> <span class='ocrx_word' id='word_1_81' title='bbox 936 1622 1126 1691; x_wconf 86' lang='lat' dir='ltr'>secundum:</span> 
     </span>
     <span class='ocr_line' id='line_1_12' title="bbox 109 1733 1126 1821; baseline 0.006 -28"><span class='ocrx_word' id='word_1_82' title='bbox 109 1733 150 1793; x_wconf 88' lang='lat' dir='ltr'>illi</span> <span class='ocrx_word' id='word_1_83' title='bbox 169 1747 266 1797; x_wconf 88' lang='lat' dir='ltr'>vento</span> <span class='ocrx_word' id='word_1_84' title='bbox 287 1737 470 1814; x_wconf 82' lang='lat' dir='ltr'>agebantur.</span> <span class='ocrx_word' id='word_1_85' title='bbox 512 1736 556 1799; x_wconf 88' lang='lat' dir='ltr'>sic</span> <span class='ocrx_word' id='word_1_86' title='bbox 576 1738 734 1821; x_wconf 82' lang='lat' dir='ltr'>praeuecti</span> <span class='ocrx_word' id='word_1_87' title='bbox 753 1738 871 1800; x_wconf 85' lang='lat' dir='ltr'>levium</span> <span class='ocrx_word' id='word_1_88' title='bbox 891 1740 1026 1800; x_wconf 88' lang='lat' dir='ltr'>telorum</span> <span class='ocrx_word' id='word_1_89' title='bbox 1043 1742 1126 1815; x_wconf 81' lang='lat' dir='ltr'>jactu</span> 
     </span>
     <span class='ocr_line' id='line_1_13' title="bbox 110 1840 1127 1915; baseline 0.006 -10"><span class='ocrx_word' id='word_1_90' title='bbox 110 1844 305 1907; x_wconf 89' lang='lat' dir='ltr'>dirimuntur.</span> <span class='ocrx_word' id='word_1_91' title='bbox 348 1847 456 1912; x_wconf 81' lang='lat' dir='ltr'>Civilis</span> <span class='ocrx_word' id='word_1_92' title='bbox 475 1849 555 1911; x_wconf 91' lang='lat' dir='ltr'>nihil</span> <span class='ocrx_word' id='word_1_93' title='bbox 575 1852 659 1913; x_wconf 87' lang='lat' dir='ltr'>ultra</span> <span class='ocrx_word' id='word_1_94' title='bbox 675 1871 770 1915; x_wconf 89' lang='lat' dir='ltr'>ausus</span> <span class='ocrx_word' id='word_1_95' title='bbox 790 1862 876 1913; x_wconf 72' lang='lat' dir='ltr'>mans</span> <span class='ocrx_word' id='word_1_96' title='bbox 891 1840 1041 1915; x_wconf 87' lang='lat' dir='ltr'>Rhenum</span> <span class='ocrx_word' id='word_1_97' title='bbox 1052 1874 1127 1915; x_wconf 90' lang='lat' dir='ltr'>con·</span> 
     </span>
     <span class='ocr_line' id='line_1_14' title="bbox 110 1960 1128 2045; baseline 0.007 -26"><span class='ocrx_word' id='word_1_98' title='bbox 110 1962 204 2024; x_wconf 84' lang='lat' dir='ltr'>cessit.</span> <span class='ocrx_word' id='word_1_99' title='bbox 249 1960 380 2025; x_wconf 84' lang='lat' dir='ltr'>Cerialis</span> <span class='ocrx_word' id='word_1_100' title='bbox 401 1964 537 2026; x_wconf 88' lang='lat' dir='ltr'>insulam</span> <span class='ocrx_word' id='word_1_101' title='bbox 557 1966 751 2030; x_wconf 81' lang='lat' dir='ltr'>Batavorum</span> <span class='ocrx_word' id='word_1_102' title='bbox 777 1966 933 2033; x_wconf 86' lang='lat' dir='ltr'>hostiliter</span> <span class='ocrx_word' id='word_1_103' title='bbox 959 1966 1128 2045; x_wconf 88' lang='lat' dir='ltr'>populatus</span> 
     </span>
    </p>

    <p class='ocr_par' dir='ltr' id='par_1_3' title="bbox 50 2075 1130 2615">
     <span class='ocr_line' id='line_1_15' title="bbox 65 2075 1128 2159; baseline 0.001 -21"><span class='ocrx_word' id='word_1_104' title='bbox 65 2075 66 2124; x_wconf 67' lang='lat' dir='ltr'>l</span> <span class='ocrx_word' id='word_1_105' title='bbox 109 2097 195 2157; x_wconf 82' lang='lat' dir='ltr'>agros</span> <span class='ocrx_word' id='word_1_106' title='bbox 215 2077 371 2159; x_wconf 80' lang='lat' dir='ltr'>villasque</span> <span class='ocrx_word' id='word_1_107' title='bbox 393 2076 501 2142; x_wconf 80' lang='lat' dir='ltr'>Civilis</span> <span class='ocrx_word' id='word_1_108' title='bbox 521 2078 653 2143; x_wconf 82' lang='lat' dir='ltr'>intactos</span> <span class='ocrx_word' id='word_1_109' title='bbox 675 2092 752 2143; x_wconf 91' lang='lat' dir='ltr'>nota</span> <span class='ocrx_word' id='word_1_110' title='bbox 774 2093 839 2143; x_wconf 89' lang='lat' dir='ltr'>arte</span> <span class='ocrx_word' id='word_1_111' title='bbox 862 2077 977 2141; x_wconf 91' lang='lat' dir='ltr'>ducum</span> <span class='ocrx_word' id='word_1_112' title='bbox 998 2079 1128 2157; x_wconf 88' lang='lat' dir='ltr'>sinebat,</span> 
     </span>
     <span class='ocr_line' id='line_1_16' title="bbox 110 2190 1128 2273; baseline 0 -22"><span class='ocrx_word' id='word_1_113' title='bbox 110 2211 206 2273; x_wconf 88' lang='lat' dir='ltr'>quum</span> <span class='ocrx_word' id='word_1_114' title='bbox 233 2190 361 2252; x_wconf 90' lang='lat' dir='ltr'>interim</span> <span class='ocrx_word' id='word_1_115' title='bbox 390 2190 479 2253; x_wconf 88' lang='lat' dir='ltr'>fluxu</span> <span class='ocrx_word' id='word_1_116' title='bbox 511 2192 671 2257; x_wconf 87' lang='lat' dir='ltr'>auctumni</span> <span class='ocrx_word' id='word_1_117' title='bbox 699 2205 731 2255; x_wconf 88' lang='lat' dir='ltr'>et</span> <span class='ocrx_word' id='word_1_118' title='bbox 760 2193 877 2255; x_wconf 88' lang='lat' dir='ltr'>crebris</span> <span class='ocrx_word' id='word_1_119' title='bbox 906 2212 966 2273; x_wconf 88' lang='lat' dir='ltr'>per</span> <span class='ocrx_word' id='word_1_120' title='bbox 992 2192 1128 2253; x_wconf 83' lang='lat' dir='ltr'>hiemem</span> 
     </span>
     <span class='ocr_line' id='line_1_17' title="bbox 109 2304 1129 2388; baseline 0.001 -22.957"><span class='ocrx_word' id='word_1_121' title='bbox 109 2305 260 2367; x_wconf 87' lang='lat' dir='ltr'>imbribus</span> <span class='ocrx_word' id='word_1_122' title='bbox 280 2306 465 2385; x_wconf 79' lang='lat' dir='ltr'>superfusus</span> <span class='ocrx_word' id='word_1_123' title='bbox 490 2306 590 2367; x_wconf 90' lang='lat' dir='ltr'>amnis</span> <span class='ocrx_word' id='word_1_124' title='bbox 613 2308 784 2387; x_wconf 85' lang='lat' dir='ltr'>palustrem</span> <span class='ocrx_word' id='word_1_125' title='bbox 805 2306 1018 2388; x_wconf 86' lang='lat' dir='ltr'>humilemque</span> <span class='ocrx_word' id='word_1_126' title='bbox 1040 2304 1129 2368; x_wconf 87' lang='lat' dir='ltr'>insu·</span> 
     </span>
     <span class='ocr_line' id='line_1_18' title="bbox 63 2409 1128 2502; baseline 0.002 -25"><span class='ocrx_word' id='word_1_127' title='bbox 63 2409 64 2428; x_wconf 28' lang='lat' dir='ltr'>i</span> <span class='ocrx_word' id='word_1_128' title='bbox 109 2418 168 2479; x_wconf 89' lang='lat' dir='ltr'>lam</span> <span class='ocrx_word' id='word_1_129' title='bbox 184 2417 349 2480; x_wconf 83' lang='lat' dir='ltr'>infaciem</span> <span class='ocrx_word' id='word_1_130' title='bbox 366 2416 631 2502; x_wconf 88' lang='lat' dir='ltr'>stagniopplevit.</span> <span class='ocrx_word' id='word_1_131' title='bbox 673 2440 731 2484; x_wconf 82' lang='lat' dir='ltr'>n&#39;ec</span> <span class='ocrx_word' id='word_1_132' title='bbox 748 2420 852 2484; x_wconf 80' lang='lat' dir='ltr'>classis</span> <span class='ocrx_word' id='word_1_133' title='bbox 868 2430 923 2481; x_wconf 91' lang='lat' dir='ltr'>aut</span> <span class='ocrx_word' id='word_1_134' title='bbox 938 2430 1128 2484; x_wconf 85' lang='lat' dir='ltr'>commeatus</span> 
     </span>
     <span class='ocr_line' id='line_1_19' title="bbox 50 2532 1130 2615; baseline -0.001 -21"><span class='ocrx_word' id='word_1_135' title='bbox 50 2569 67 2588; x_wconf 15' lang='grc' dir='ltr'>Δ·</span> <span class='ocrx_word' id='word_1_136' title='bbox 109 2532 237 2596; x_wconf 84' lang='lat' dir='ltr'>aderant</span> <span class='ocrx_word' id='word_1_137' title='bbox 256 2544 417 2615; x_wconf 89' lang='lat' dir='ltr'>castraque</span> <span class='ocrx_word' id='word_1_138' title='bbox 437 2535 471 2596; x_wconf 93' lang='lat' dir='ltr'>in</span> <span class='ocrx_word' id='word_1_139' title='bbox 492 2535 587 2615; x_wconf 90' lang='lat' dir='ltr'>plano</span> <span class='ocrx_word' id='word_1_140' title='bbox 609 2534 667 2596; x_wconf 88' lang='lat' dir='ltr'>sita</span> <span class='ocrx_word' id='word_1_141' title='bbox 686 2535 719 2599; x_wconf 88' lang='lat' dir='ltr'>vi</span> <span class='ocrx_word' id='word_1_142' title='bbox 737 2534 876 2597; x_wconf 85' lang='lat' dir='ltr'>fluminis</span> <span class='ocrx_word' id='word_1_143' title='bbox 895 2532 1130 2596; x_wconf 84' lang='lat' dir='ltr'>differebantur.</span> 
     </span>
    </p>
   </div>
   <div class='ocr_carea' id='block_1_3' title="bbox 192 2644 1213 2728">
    <p class='ocr_par' dir='ltr' id='par_1_4' title="bbox 192 2644 1213 2728">
     <span class='ocr_line' id='line_1_20' title="bbox 192 2644 1213 2728; baseline -0.001 -23"><span class='ocrx_word' id='word_1_144' title='bbox 192 2644 337 2707; x_wconf 85' lang='lat' dir='ltr'>Potuisse</span> <span class='ocrx_word' id='word_1_145' title='bbox 358 2658 433 2707; x_wconf 92' lang='lat' dir='ltr'>tunc</span> <span class='ocrx_word' id='word_1_146' title='bbox 459 2647 596 2728; x_wconf 88' lang='lat' dir='ltr'>opprimi</span> <span class='ocrx_word' id='word_1_147' title='bbox 620 2647 759 2727; x_wconf 85' lang='lat' dir='ltr'>legiones</span> <span class='ocrx_word' id='word_1_148' title='bbox 788 2659 819 2708; x_wconf 88' lang='lat' dir='ltr'>et</span> <span class='ocrx_word' id='word_1_149' title='bbox 840 2647 975 2709; x_wconf 89' lang='lat' dir='ltr'>voluisse</span> <span class='ocrx_word' id='word_1_150' title='bbox 999 2646 1129 2710; x_wconf 88' lang='lat' dir='ltr'>Germa-</span> <span class='ocrx_word' id='word_1_151' title='bbox 1143 2653 1213 2716; x_wconf 55' lang='lat' dir='ltr'>sat</span> 
     </span>
    </p>
   </div>
   <div class='ocr_carea' id='block_1_4' title="bbox 60 2726 1130 2844">
    <p class='ocr_par' dir='ltr' id='par_1_5' title="bbox 60 2726 1130 2847">
     <span class='ocr_line' id='line_1_21' title="bbox 60 2726 1130 2844; baseline -0.001 -23"><span class='ocrx_word' id='word_1_152' title='bbox 60 2726 66 2831; x_wconf 80' lang='lat' dir='ltr'>i</span> <span class='ocrx_word' id='word_1_153' title='bbox 110 2778 184 2838; x_wconf 89' lang='lat' dir='ltr'>nos,</span> <span class='ocrx_word' id='word_1_154' title='bbox 206 2756 261 2822; x_wconf 86' lang='lat' dir='ltr'>sed</span> <span class='ocrx_word' id='word_1_155' title='bbox 284 2757 358 2822; x_wconf 90' lang='lat' dir='ltr'>dolo</span> <span class='ocrx_word' id='word_1_156' title='bbox 380 2782 399 2822; x_wconf 90' lang='lat' dir='ltr'>a</span> <span class='ocrx_word' id='word_1_157' title='bbox 420 2780 453 2821; x_wconf 91' lang='lat' dir='ltr'>se</span> <span class='ocrx_word' id='word_1_158' title='bbox 473 2758 573 2822; x_wconf 87' lang='lat' dir='ltr'>flexos</span> <span class='ocrx_word' id='word_1_159' title='bbox 598 2756 905 2841; x_wconf 78' lang='lat' dir='ltr'>imputavitcivilis.</span> <span class='ocrx_word' id='word_1_160' title='bbox 948 2781 1052 2844; x_wconf 89' lang='lat' dir='ltr'>neque</span> <span class='ocrx_word' id='word_1_161' title='bbox 1074 2761 1130 2820; x_wconf 92' lang='lat' dir='ltr'>ab·</span> 
     </span>
    </p>
   </div>
   <div class='ocr_carea' id='block_1_5' title="bbox 56 2873 1131 4078">
    <p class='ocr_par' dir='ltr' id='par_1_6' title="bbox 60 2873 1131 2957">
     <span class='ocr_line' id='line_1_22' title="bbox 60 2873 1131 2957; baseline -0.003 -19"><span class='ocrx_word' id='word_1_162' title='bbox 60 2874 65 2957; x_wconf 80' lang='lat' dir='ltr'>t</span> <span class='ocrx_word' id='word_1_163' title='bbox 108 2878 218 2938; x_wconf 89' lang='lat' dir='ltr'>horret</span> <span class='ocrx_word' id='word_1_164' title='bbox 234 2895 330 2952; x_wconf 83' lang='lat' dir='ltr'>vero,</span> <span class='ocrx_word' id='word_1_165' title='bbox 351 2873 479 2957; x_wconf 71' lang='lat' dir='ltr'>miando</span> <span class='ocrx_word' id='word_1_166' title='bbox 496 2876 605 2957; x_wconf 89' lang='lat' dir='ltr'>paucis</span> <span class='ocrx_word' id='word_1_167' title='bbox 624 2887 698 2957; x_wconf 91' lang='lat' dir='ltr'>post</span> <span class='ocrx_word' id='word_1_168' title='bbox 718 2874 829 2938; x_wconf 90' lang='lat' dir='ltr'>diebus</span> <span class='ocrx_word' id='word_1_169' title='bbox 851 2873 967 2938; x_wconf 90' lang='lat' dir='ltr'>deditio</span> <span class='ocrx_word' id='word_1_170' title='bbox 989 2874 1131 2936; x_wconf 90' lang='lat' dir='ltr'>insecuta</span> 
     </span>
    </p>

    <p class='ocr_par' dir='ltr' id='par_1_7' title="bbox 59 2960 1129 3093">
     <span class='ocr_line' id='line_1_23' title="bbox 59 2960 1129 3093; baseline -0.004 -42"><span class='ocrx_word' id='word_1_171' title='bbox 59 2960 65 3093; x_wconf 60' lang='grc' dir='ltr'><em>Ξ</em></span> <span class='ocrx_word' id='word_1_172' title='bbox 108 3004 164 3053; x_wconf 88' lang='lat' dir='ltr'>est.</span> <span class='ocrx_word' id='word_1_173' title='bbox 206 2989 290 3052; x_wconf 90' lang='lat' dir='ltr'>Nam</span> <span class='ocrx_word' id='word_1_174' title='bbox 313 2987 443 3051; x_wconf 88' lang='lat' dir='ltr'>Cerialis</span> <span class='ocrx_word' id='word_1_175' title='bbox 468 3010 526 3070; x_wconf 88' lang='lat' dir='ltr'>per</span> <span class='ocrx_word' id='word_1_176' title='bbox 548 2963 687 3052; x_wconf 77' lang='lat' dir='ltr'>occttltos</span> <span class='ocrx_word' id='word_1_177' title='bbox 707 2989 835 3052; x_wconf 90' lang='lat' dir='ltr'>nuntios</span> <span class='ocrx_word' id='word_1_178' title='bbox 863 2987 988 3058; x_wconf 85' lang='lat' dir='ltr'>Batavis</span> <span class='ocrx_word' id='word_1_179' title='bbox 1010 3008 1129 3070; x_wconf 89' lang='lat' dir='ltr'>pacem,</span> 
     </span>
    </p>

    <p class='ocr_par' dir='ltr' id='par_1_8' title="bbox 58 3098 1131 3186">
     <span class='ocr_line' id='line_1_24' title="bbox 58 3098 1131 3186; baseline -0.001 -21"><span class='ocrx_word' id='word_1_180' title='bbox 58 3138 62 3183; x_wconf 63' lang='grc' dir='ltr'>Ι</span> <span class='ocrx_word' id='word_1_181' title='bbox 109 3107 203 3169; x_wconf 78' lang='lat' dir='ltr'>Civili</span> <span class='ocrx_word' id='word_1_182' title='bbox 228 3098 354 3171; x_wconf 80' lang='lat' dir='ltr'>ueniam</span> <span class='ocrx_word' id='word_1_183' title='bbox 376 3116 542 3168; x_wconf 75' lang='lat' dir='ltr'>ostentans</span> <span class='ocrx_word' id='word_1_184' title='bbox 555 3102 708 3166; x_wconf 79' lang='lat' dir='ltr'>Veledam</span> <span class='ocrx_word' id='word_1_185' title='bbox 734 3104 995 3186; x_wconf 88' lang='lat' dir='ltr'>propinquosque</span> <span class='ocrx_word' id='word_1_186' title='bbox 1020 3123 1131 3164; x_wconf 89' lang='lat' dir='ltr'>mone-</span> 
     </span>
    </p>

    <p class='ocr_par' dir='ltr' id='par_1_9' title="bbox 58 3202 1129 3303">
     <span class='ocr_line' id='line_1_25' title="bbox 58 3202 1129 3303; baseline -0.002 -21"><span class='ocrx_word' id='word_1_187' title='bbox 58 3202 62 3303; x_wconf 60' lang='lat' dir='ltr'>f</span> <span class='ocrx_word' id='word_1_188' title='bbox 108 3223 179 3298; x_wconf 89' lang='lat' dir='ltr'>bat,</span> <span class='ocrx_word' id='word_1_189' title='bbox 208 3221 370 3282; x_wconf 86' lang='lat' dir='ltr'>fortunam</span> <span class='ocrx_word' id='word_1_190' title='bbox 397 3219 473 3291; x_wconf 80' lang='lat' dir='ltr'>betti</span> <span class='ocrx_word' id='word_1_191' title='bbox 488 3231 551 3282; x_wconf 76' lang='lat' dir='ltr'>&#39;tot</span> <span class='ocrx_word' id='word_1_192' title='bbox 583 3218 723 3282; x_wconf 88' lang='lat' dir='ltr'>cladibus</span> <span class='ocrx_word' id='word_1_193' title='bbox 755 3217 918 3290; x_wconf 87' lang='lat' dir='ltr'>adversam</span> <span class='ocrx_word' id='word_1_194' title='bbox 944 3231 1129 3300; x_wconf 81' lang='lat' dir='ltr'>¹opportuno</span> 
     </span>
    </p>

    <p class='ocr_par' dir='ltr' id='par_1_10' title="bbox 56 3318 1130 4078">
     <span class='ocr_line' id='line_1_26' title="bbox 56 3318 1130 3417; baseline -0.002 -19"><span class='ocrx_word' id='word_1_195' title='bbox 56 3318 63 3383; x_wconf 75' lang='lat' dir='ltr'>l</span> <span class='ocrx_word' id='word_1_196' title='bbox 108 3357 182 3414; x_wconf 89' lang='lat' dir='ltr'>erga</span> <span class='ocrx_word' id='word_1_197' title='bbox 201 3336 356 3417; x_wconf 90' lang='lat' dir='ltr'>populum</span> <span class='ocrx_word' id='word_1_198' title='bbox 377 3335 678 3403; x_wconf 88' lang='lat' dir='ltr'>romanummerito</span> <span class='ocrx_word' id='word_1_199' title='bbox 700 3344 834 3400; x_wconf 75' lang='lat' dir='ltr'>mittere,</span> <span class='ocrx_word' id='word_1_200' title='bbox 883 3353 988 3408; x_wconf 84' lang='lat' dir='ltr'>caesos</span> <span class='ocrx_word' id='word_1_201' title='bbox 1012 3333 1130 3396; x_wconf 86' lang='lat' dir='ltr'>Treve-</span> 
     </span>
     <span class='ocr_line' id='line_1_27' title="bbox 106 3446 1129 3532; baseline 0 -21"><span class='ocrx_word' id='word_1_202' title='bbox 106 3469 180 3526; x_wconf 86' lang='lat' dir='ltr'>ros,</span> <span class='ocrx_word' id='word_1_203' title='bbox 210 3461 352 3529; x_wconf 89' lang='lat' dir='ltr'>receptos</span> <span class='ocrx_word' id='word_1_204' title='bbox 372 3447 490 3524; x_wconf 89' lang='lat' dir='ltr'>Ubios,</span> <span class='ocrx_word' id='word_1_205' title='bbox 521 3460 661 3530; x_wconf 86' lang='lat' dir='ltr'>ereptam</span> <span class='ocrx_word' id='word_1_206' title='bbox 689 3446 818 3522; x_wconf 84' lang='lat' dir='ltr'>Batavis</span> <span class='ocrx_word' id='word_1_207' title='bbox 844 3448 995 3529; x_wconf 83' lang='lat' dir='ltr'>patriam,</span> <span class='ocrx_word' id='word_1_208' title='bbox 1026 3469 1129 3532; x_wconf 89' lang='lat' dir='ltr'>neque</span> 
     </span>
     <span class='ocr_line' id='line_1_28' title="bbox 107 3559 1130 3644; baseline -0.006 -18"><span class='ocrx_word' id='word_1_209' title='bbox 107 3560 197 3626; x_wconf 83' lang='lat' dir='ltr'>aliud</span> <span class='ocrx_word' id='word_1_210' title='bbox 226 3561 337 3628; x_wconf 76' lang='lat' dir='ltr'>‚civilis</span> <span class='ocrx_word' id='word_1_211' title='bbox 369 3559 502 3624; x_wconf 84' lang='lat' dir='ltr'>amicitia</span> <span class='ocrx_word' id='word_1_212' title='bbox 521 3625 525 3632; x_wconf 64' lang='grc'><strong>,</strong></span> <span class='ocrx_word' id='word_1_213' title='bbox 537 3573 683 3642; x_wconf 84' lang='lat' dir='ltr'>paratum</span> <span class='ocrx_word' id='word_1_214' title='bbox 720 3583 815 3644; x_wconf 84' lang='lat' dir='ltr'>quam</span> <span class='ocrx_word' id='word_1_215' title='bbox 848 3563 998 3640; x_wconf 80' lang='lat' dir='ltr'>vulnera,</span> <span class='ocrx_word' id='word_1_216' title='bbox 1031 3563 1130 3640; x_wconf 80' lang='lat' dir='ltr'>fugas,</span> 
     </span>
     <span class='ocr_line' id='line_1_29' title="bbox 107 3672 1128 3754; baseline -0.001 -18"><span class='ocrx_word' id='word_1_217' title='bbox 107 3677 224 3736; x_wconf 87' lang='lat' dir='ltr'>luctus.</span> <span class='ocrx_word' id='word_1_218' title='bbox 266 3674 407 3736; x_wconf 87' lang='lat' dir='ltr'>exsulem</span> <span class='ocrx_word' id='word_1_219' title='bbox 433 3694 505 3735; x_wconf 87' lang='lat' dir='ltr'>eum</span> <span class='ocrx_word' id='word_1_220' title='bbox 532 3682 563 3733; x_wconf 89' lang='lat' dir='ltr'>et</span> <span class='ocrx_word' id='word_1_221' title='bbox 582 3684 750 3744; x_wconf 55' lang='lat' dir='ltr'>‘extorrem</span> <span class='ocrx_word' id='word_1_222' title='bbox 768 3673 995 3754; x_wconf 89' lang='lat' dir='ltr'>recipientibus</span> <span class='ocrx_word' id='word_1_223' title='bbox 1022 3672 1128 3735; x_wconf 73' lang='lat' dir='ltr'>oneris</span> 
     </span>
     <span class='ocr_line' id='line_1_30' title="bbox 107 3784 1130 3870; baseline -0.005 -18"><span class='ocrx_word' id='word_1_224' title='bbox 107 3802 142 3852; x_wconf 83' lang='lat' dir='ltr'>et</span> <span class='ocrx_word' id='word_1_225' title='bbox 169 3790 245 3850; x_wconf 90' lang='lat' dir='ltr'>satis</span> <span class='ocrx_word' id='word_1_226' title='bbox 272 3789 449 3869; x_wconf 85' lang='lat' dir='ltr'>peccavisse</span> <span class='ocrx_word' id='word_1_227' title='bbox 477 3784 566 3870; x_wconf 93' lang='lat' dir='ltr'>quod</span> <span class='ocrx_word' id='word_1_228' title='bbox 591 3788 706 3850; x_wconf 86' lang='lat' dir='ltr'>totiens</span> <span class='ocrx_word' id='word_1_229' title='bbox 736 3788 884 3850; x_wconf 85' lang='lat' dir='ltr'>Rhenum</span> <span class='ocrx_word' id='word_1_230' title='bbox 913 3784 1130 3856; x_wconf 90' lang='lat' dir='ltr'>transscende-</span> 
     </span>
     <span class='ocr_line' id='line_1_31' title="bbox 107 3900 1129 3984; baseline -0.002 -20"><span class='ocrx_word' id='word_1_231' title='bbox 107 3902 186 3964; x_wconf 90' lang='lat' dir='ltr'>rint.</span> <span class='ocrx_word' id='word_1_232' title='bbox 228 3903 255 3963; x_wconf 93' lang='lat' dir='ltr'>si</span> <span class='ocrx_word' id='word_1_233' title='bbox 275 3900 352 3982; x_wconf 89' lang='lat' dir='ltr'>quid</span> <span class='ocrx_word' id='word_1_234' title='bbox 372 3902 456 3963; x_wconf 88' lang='lat' dir='ltr'>ultra</span> <span class='ocrx_word' id='word_1_235' title='bbox 474 3902 661 3981; x_wconf 87' lang='lat' dir='ltr'>moliantur,</span> <span class='ocrx_word' id='word_1_236' title='bbox 680 3900 755 3964; x_wconf 90' lang='lat' dir='ltr'>inde</span> <span class='ocrx_word' id='word_1_237' title='bbox 777 3901 924 3980; x_wconf 86' lang='lat' dir='ltr'>injuriam</span> <span class='ocrx_word' id='word_1_238' title='bbox 946 3913 977 3964; x_wconf 88' lang='lat' dir='ltr'>et</span> <span class='ocrx_word' id='word_1_239' title='bbox 997 3903 1129 3984; x_wconf 90' lang='lat' dir='ltr'>culpam,</span> 
     </span>
     <span class='ocr_line' id='line_1_32' title="bbox 106 4014 636 4078; baseline -0.006 0"><span class='ocrx_word' id='word_1_240' title='bbox 106 4016 185 4078; x_wconf 91' lang='lat' dir='ltr'>hinc</span> <span class='ocrx_word' id='word_1_241' title='bbox 206 4015 358 4078; x_wconf 89' lang='lat' dir='ltr'>ultionem</span> <span class='ocrx_word' id='word_1_242' title='bbox 381 4027 412 4076; x_wconf 88' lang='lat' dir='ltr'>et</span> <span class='ocrx_word' id='word_1_243' title='bbox 433 4014 509 4077; x_wconf 86' lang='lat' dir='ltr'>deos</span> <span class='ocrx_word' id='word_1_244' title='bbox 529 4014 610 4076; x_wconf 85' lang='lat' dir='ltr'>lore.</span> <span class='ocrx_word' id='word_1_245' title='bbox 632 4039 636 4045; x_wconf 59' lang='grc'><em>’</em></span> 
     </span>
    </p>
   </div>
   <div class='ocr_carea' id='block_1_6' title="bbox 147 4123 1214 4214">
    <p class='ocr_par' dir='ltr' id='par_1_11' title="bbox 147 4123 1214 4214">
     <span class='ocr_line' id='line_1_33' title="bbox 147 4123 1214 4214; baseline 0 -22"><span class='ocrx_word' id='word_1_246' title='bbox 147 4158 155 4170; x_wconf 81' lang='grc'><strong><em>·</em></strong></span> <span class='ocrx_word' id='word_1_247' title='bbox 199 4131 414 4194; x_wconf 85' lang='lat' dir='ltr'>Miscebantur</span> <span class='ocrx_word' id='word_1_248' title='bbox 443 4132 535 4208; x_wconf 83' lang='lat' dir='ltr'>mipis</span> <span class='ocrx_word' id='word_1_249' title='bbox 567 4129 730 4214; x_wconf 84' lang='lat' dir='ltr'>promissa.</span> <span class='ocrx_word' id='word_1_250' title='bbox 774 4143 805 4192; x_wconf 91' lang='lat' dir='ltr'>et</span> <span class='ocrx_word' id='word_1_251' title='bbox 836 4150 985 4194; x_wconf 84' lang='lat' dir='ltr'>concussa</span> <span class='ocrx_word' id='word_1_252' title='bbox 1013 4123 1130 4193; x_wconf 67' lang='lat' dir='ltr'>Trans·v</span> <span class='ocrx_word' id='word_1_253' title='bbox 1144 4141 1214 4204; x_wconf 81' lang='lat'>5,25</span> 
     </span>
    </p>
   </div>
   <div class='ocr_carea' id='block_1_7' title="bbox 0 0 1484 4875">
    <p class='ocr_par' dir='ltr' id='par_1_12' title="bbox 0 0 1484 4875">
     <span class='ocr_line' id='line_1_34' title="bbox 0 0 1484 4875; baseline 0 0"><span class='ocrx_word' id='word_1_254' title='bbox 0 0 1484 4875; x_wconf 95' lang='lat' dir='ltr'> </span> 
     </span>
    </p>
   </div>
  </div>
 </body>
</html>
