2959 4875
472 426 535 494 EX
557 426 794 495 HISTORIIS
1097 426 1141 493 98

18 589 19 660 3
111 626 229 691 resque
261 589 435 670 carnorum
469 608 619 686 augebat,
657 619 808 690 tanquam
840 626 950 671 rursus
982 605 1139 671 obsidium

111 722 309 797 immineret,
332 732 481 802 corrupta
503 724 617 786 totiens
637 722 769 788 uictoria
790 744 856 786 non
876 724 956 787 falso
978 736 1139 806 suspectus

18 817 19 822 ἵ
111 838 233 898 bellum
253 836 357 897 malle.
400 833 489 895 Nibil
510 855 612 917 aeque
630 835 786 898 exercitus
807 848 932 899 nostros
952 858 1047 920 quam
1067 857 1138 916 ege·

18 1035 19 1042 ¹
114 964 177 1013 stas
213 950 377 1029 copiarum
410 948 568 1025 fatigabat.
618 946 841 1030 impedimenta
872 952 1031 1032 legionum
1065 972 1138 1013 cum

18 1151 19 1166 χ
115 1066 239 1127 imbelli
260 1066 354 1127 turba
377 1062 551 1129 Novesium
575 1063 687 1141 musa,
716 1078 753 1127 ut
773 1063 847 1128 inde
867 1066 1007 1129 terrestri
1025 1066 1137 1128 itinere

18 1171 19 1184 ¹
115 1181 310 1241 frumentum
323 1176 531 1244 adveherent:
554 1190 628 1242 nam
647 1178 777 1246 flumine
800 1181 904 1244 hostes
924 1182 1138 1264 potiebantur.

114 1294 259 1357 Primum
291 1314 400 1374 agmen
435 1307 581 1357 securum
611 1294 736 1357 incessit
766 1294 908 1357 nondum
940 1292 1012 1357 satis
1043 1294 1135 1357 firmo

116 1407 227 1471 Civile.
269 1407 326 1490 qui
347 1408 405 1469 ubi
429 1409 696 1473 rursum'missos
726 1410 902 1475 Noueeium
929 1411 1137 1472 frumentato-

113 1547 166 1589 res
195 1524 346 1609 datasque
367 1526 403 1587 in
431 1524 624 1607 praesidium
651 1527 797 1588 cobortes
820 1529 907 1589 uelut
934 1527 1031 1587 multa
1058 1544 1135 1605 pace

113 1639 236 1719 ingredi
259 1639 385 1721 accepit,
405 1661 515 1702 rarum
536 1640 621 1724 apud
642 1640 731 1721 signe
750 1642 889 1719 militem,
914 1662 1001 1703 arma
1024 1639 1058 1701 in
1080 1660 1135 1702 ue·

112 1753 236 1834 binalis,
258 1767 386 1817 cunctos
403 1754 529 1819 licentia
549 1777 654 1837 vagos,
677 1758 869 1837 compositus
892 1754 1022 1835 invadit,
1042 1776 1134 1837 prae-

111 1870 217 1933 missis
238 1869 294 1952 qui
312 1880 424 1951 pontes
445 1882 478 1931 et
495 1868 618 1933 viarum
639 1883 768 1949 angusta
787 1870 969 1933 insiderent.
1009 1871 1135 1949 Pugna·

111 2001 183 2050 tum
210 1989 306 2066 longo
337 1985 456 2068 agmine
488 1998 520 2046 et
548 1986 669 2046 incerto
696 1985 816 2062 Marte,
853 1984 952 2049 donec
976 1988 1134 2068 proelium

112 2120 181 2163 nox
202 2098 373 2163 dirimeret.
414 2099 558 2163 cohortes
577 2094 753 2158 Geldubam
773 2118 959 2178 perrexere,
981 2098 1135 2159 manenti·

113 2219 192 2295 bus,
223 2229 262 2278 ut
287 2217 430 2292 fuerant,
460 2214 584 2290 castris,
615 2232 696 2295 quae
717 2213 898 2275 relictorum
919 2212 982 2273 illic
1001 2209 1135 2272 militum

18 2327 19 2332 ’
112 2327 271 2411 praesidio
299 2332 499 2392 tenebantur.
550 2327 625 2391 Non
658 2340 725 2390 erat
756 2326 887 2391 dubium
917 2340 1069 2411 quantum
1099 2326 1134 2386 in

112 2465 257 2525 regressu
295 2443 482 2508 disonmnsie
522 2439 702 2504 adeundum
735 2443 819 2504 soret
855 2440 1135 2504 frumentatoribus

114 2562 234 2625 onustis
255 2559 480 2642 perculsisque.
522 2557 608 2620 addit
635 2558 787 2620 exercitui
814 2578 871 2621 suo
900 2557 1021 2620 Vocula
1049 2556 1135 2616 mille

113 2673 250 2736 delectos
279 2695 297 2735 e
329 2673 440 2756 quinta
473 2685 504 2734 et
536 2672 645 2756 quinta
678 2670 810 2736 decuma
840 2672 1014 2752 legIonibus
1050 2668 1134 2752 apud

112 2790 232 2852 Vetera
257 2791 409 2865 obsessis,
440 2785 629 2850 indomitum
656 2786 786 2847 militem
813 2797 844 2846 et
872 2784 1003 2847 ducibus
1030 2784 1134 2845 inlen-

112 2921 192 2963 eum.
234 2901 344 2963 Plures
360 2922 457 2984 quam
471 2905 592 2978 jussum
609 2912 677 2960 erat
691 2897 826 2980 profecti
841 2901 944 2980 palam
961 2897 995 2958 in
1012 2898 1133 2976 agmine

112 3017 288 3079 fremebant
307 3035 373 3078 nou
395 3035 427 3076 se
449 3016 533 3075 ultra
557 3013 688 3090 samem,
710 3011 840 3074 insidias
860 3015 1033 3092 legatorum
1053 3015 1133 3075 tole-

111 3145 247 3195 raturos.
287 3130 331 3193 At
355 3128 410 3212 qui
432 3141 647 3190 remanserant
670 3125 811 3188 deantes
833 3147 867 3188 se
889 3124 1023 3188 abducta
1043 3139 1131 3208 parte

110 3250 269 3329 legionum
290 3248 514 3330 querebantur.
556 3245 686 3324 Duplex
706 3243 781 3302 binc
808 3239 927 3317 seditio,
952 3240 1020 3302 aliis
1039 3260 1132 3304 revo-

111 3365 253 3426 cantibus
275 3361 445 3435 Voculam,
468 3357 537 3418 sb'is
556 3354 661 3418 redire
683 3355 716 3416 in
740 3367 840 3417 eastra
862 3357 1080 3418 abuuentibus.

194 3477 326 3539 Interim
348 3475 456 3536 Ciuilis
482 3475 598 3537 Vetera
620 3470 826 3536 circumsedit.
868 3474 991 3538 Vocula
1013 3471 1131 3536 Geldu·
1145 3493 1217 3557 4,³o

109 3593 182 3653 bam
204 3603 299 3674 atque
321 3588 396 3651 Inde
416 3587 590 3651 NouesIum
611 3587 771 3651 concessit.
815 3585 923 3649 Civilis
951 3586 1033 3667 capit
1056 3585 1130 3645 Gel-

109 3703 245 3782 dubam,
283 3723 361 3764 mox
395 3699 480 3763 baud
515 3703 628 3782 procul
660 3699 800 3763 Noresio
838 3700 975 3782 equestri
1007 3697 1129 3778 proelio

18 3884 19 3895 ,
106 3840 261 3902 prospere
281 3817 419 3881 certavit.
461 3816 525 3879 Sed
547 3820 636 3881 miles
665 3815 809 3880 secundis
831 3813 1031 3894 adversisque
1054 3831 1130 3892 pro·

105 3931 182 3994 inde
201 3933 237 3994 in
258 3931 390 3994 exitium
408 3929 526 3993 ducum
551 3929 786 3994 accendebatur.
829 3940 859 3990 et
879 3925 1015 3988 adventu
1035 3926 1129 4009 quin-

104 4057 256 4107 tanorum
284 4044 703 4128 quintadecumanorumque
728 4053 836 4103 auctae
864 4041 1002 4120 legIonea
1030 4037 1129 4103 dona·

102 4159 206 4222 tivum
228 4171 404 4240 exposcunt
428 4171 588 4241 comperto
614 4156 781 4240 pecuniam
803 4178 821 4217 a
844 4155 971 4220 Vitellio
992 4154 1129 4218 mIssam.
