2959 4875
486 424 549 495 EX
573 423 811 494 HISTORIIS
1054 416 1082 462 “
1112 422 1154 491 ot

132 597 348 663 dominorum'
365 595 530 679 ingeniai'
557 620 597 663 eu
619 617 676 680 ego
700 600 878 682 praefectus
903 600 998 665 univu
1019 600 1158 664 cohortis

133 724 165 777 et
200 712 423 778 Canninefates
459 715 651 797 Batavique,
694 715 807 794 exigua
844 714 1017 777 Galliarum
1051 714 1157 795 portio

132 848 216 891 vana
243 827 298 889 illa
326 839 501 891 carnorum
526 826 627 909 'spatia
654 825 846 905 excidimus,
876 830 929 893 vel
956 840 1043 909 septa
1071 829 1158 891 Ierro

133 941 279 1025 fameque
300 944 482 1023 premimur.
525 942 663 1027 denique
691 963 786 1007 ausos
814 956 870 1006 aut
896 944 1024 1006 libertas
1047 962 1159 1025 seque·
1200 1016 1204 1022 ῃ

133 1067 204 1134 tur,
232 1070 286 1121 aut
313 1058 388 1121 victi
415 1058 509 1121 iidem
535 1061 671 1123 erimus?
715 1058 767 1123 Sis
791 1079 972 1136 accensum,
1003 1056 1058 1120 sed
1079 1058 1160 1119 mol·

132 1171 215 1233 liora
243 1172 363 1234 referre
390 1179 511 1251 jussum
541 1170 679 1236 dimittit.
719 1175 774 1235 ille
804 1186 839 1234 ut
864 1172 973 1235 irritus
998 1168 1162 1250 legationis

133 1286 217 1349 redit
237 1301 339 1349 cetera
359 1286 558 1351 dissimulans
579 1311 661 1372 quae
681 1310 760 1351 mox
779 1296 930 1369 erupere

221 1402 328 1466 Civilis
359 1417 448 1484 parte
479 1408 641 1486 copiarum
670 1416 793 1467 retentu
823 1416 987 1465 veteranae
1016 1397 1160 1460 cobortes
1174 1404 1201 1467 4,
1210 1401 1246 1450 88

135 1527 167 1578 et
195 1517 280 1599 quod
310 1540 327 1580 e
358 1518 524 1581 Germanis
550 1520 687 1581 maxime
713 1534 895 1601 promptum
922 1516 1072 1578 adversus
1091 1515 1161 1576 Vo-

136 1629 238 1691 culam
264 1631 500 1716 exercitumque
518 1638 588 1710 ¹ejus
614 1631 709 1697 mittit
736 1632 821 1694 Julio
848 1631 990 1693 Maximo
1013 1642 1044 1691 et
1066 1626 1161 1689 Glau-

134 1742 188 1805 dio
209 1746 337 1809 Victore
360 1747 478 1811 sororis
497 1768 573 1810 suae
593 1748 666 1809 filio·
680 1746 823 1810 ducibus.
865 1744 994 1827 rapiunt
1010 1743 1044 1801 in
1059 1754 1161 1802 trans·

132 1859 180 1921 itu
207 1863 341 1923 hiberna
370 1865 437 1925 alae
465 1866 642 1943 Asciburgii
660 1866 736 1942 sita,
762 1861 904 1944 adeoque
924 1857 1090 1941 improvisi
1109 1877 1161 1919 ca·

132 1989 200 2039 stra
222 1976 413 2051 involavere,
429 1980 555 2039 ,ubnon
578 1980 705 2060 alloqui,
727 1999 793 2039 nou
812 1977 954 2059 paudere
974 1976 1073 2038 eciem
1093 1975 1162 2036 Vo-

134 2092 208 2151 oula
233 2091 382 2169 potuerit.
426 2091 459 2152 id
488 2090 607 2170 solum',
630 2090 674 2155 ut'
689 2094 726 2154 in'
744 2094 899 2169 rumulttr,
925 2090 1064 2163 monuit,
1086 2090 1162 2150 eub-

135 2204 267 2282 signano
297 2204 397 2267 milite
425 2204 529 2267 media
555 2206 693 2268 firmare.
735 2206 852 2267 auxilia
883 2205 999 2286 passim
1029 2203 1162 2267 cirrum-

138 2319 208 2381 fusa
231 2332 329 2381 sunt„
356 2322 464 2403 Eques
490 2324 638 2404 prorupit
663 2335 877 2403 exosptusque
898 2319 1078 2401 compositis
1101 2319 1163 2381 ho·

138 2432 233 2496 stium
255 2432 427 2497 ordinibus
441 2449 526 2515 terga
548 2437 583 2497 in
606 2456 680 2500 suos
701 2436 805 2500 vertit.
850 2434 960 2498 coedes
980 2434 1072 2513 inde,
1095 2457 1161 2497 non

137 2549 303 2626 proelium.
354 2563 385 2612 et
415 2551 608 2614 Nerviorum
632 2554 788 2615 'cohortes
821 2564 907 2613 metu
942 2553 998 2611 sou
1031 2549 1163 2631 perfidia

136 2663 233 2725 latere
254 2677 436 2727 nostrorum
458 2666 628 2730 nudavere.
672 2666 724 2728 Sic
745 2664 786 2728 ad
805 2668 945 2744 legiones
964 2675 1162 2744 perventum,

138 2799 220 2861 quae
253 2780 371 2842 amissis
402 2783 496 2861 signis
526 2783 611 2844 intra
638 2784 757 2846 vallum
788 2783 1028 2855 sternebantur,
1062 2798 1162 2860 quum

137 2906 268 2974 repente
294 2915 380 2958 novo
404 2895 524 2957 auxilio
548 2897 677 2958 fortuna
698 2915 823 2977 pugnae
843 2905 993 2955 mutatur.
1042 2892 1163 2951 Vasco·

139 3029 216 3070 num
235 3011 332 3072 lectae
356 3033 376 3074 a
391 3009 492 3072 Galba
510 3009 654 3074 cohortes
675 3033 710 3074 ac
721 3024 798 3072 vtum
816 3009 941 3084 accitae,
964 3006 1039 3070 dum
1054 3004 1161 3066 castris

137 3123 364 3206 propinquent,
385 3123 492 3188 audito
507 3127 731 3206 proeliantium
746 3128 880 3188 elamore
898 3124 1034 3183 intentos
1055 3123 1161 3181 hoster

138 3255 156 3295 u
177 3239 263 3315 tergo
285 3235 455 3315 invadunt,
476 3239 682 3321 latioremque
704 3258 800 3320 quam
820 3257 881 3317 pro
903 3254 1036 3307 numero
1052 3235 1162 3294 'terro-

136 3368 205 3409 rem
224 3350 353 3429 faciunt,
378 3350 446 3413 aliis
469 3375 487 3414 a
507 3352 658 3431 Novesio,
680 3352 749 3414 aliis
770 3374 789 3412 a
809 3351 1008 3431 Mogontiaco
1032 3347 1162 3410 unIver·

138 3482 187 3524 sas
216 3464 322 3545 copies
352 3463 514 3529 advenisse
545 3465 757 3528 credentibus.
803 3467 834 3526 Ie
859 3485 950 3526 error
979 3461 1066 3525 addit
1093 3461 1163 3522 aui·

137 3595 223 3653 mos,
258 3588 290 3638 st
317 3574 394 3639 dum
423 3577 532 3640 alienis
564 3581 684 3642 viribus
711 3578 874 3642 confidunt
902 3599 975 3640 suas
1002 3595 1161 3654 recepere.

137 3691 340 3757 Fortissimus
364 3695 498 3777 quisque
524 3715 541 3755 e
563 3697 706 3775 Batavis,
736 3709 889 3778 quantum
917 3692 1058 3774 peditum
1084 3703 1161 3768 erat,

137 3806 334 3871 funduntur:
370 3829 466 3891 eques
498 3808 596 3872 evasit
625 3829 695 3871 cum
730 3808 825 3887 signis
857 3806 1050 3887 captivisque
1080 3822 1162 3886 quos

137 3925 241 4004 prima
271 3925 336 3986 acie
364 3924 591 4007 corripuerant.
634 3921 806 3985 (laesorum
830 3942 868 3984 eo
891 3919 942 3983 die
963 3920 997 3980 in
1018 3920 1161 4001 partibus

137 4040 254 4101 nostris
280 4043 381 4118 major
408 4041 559 4103 numerus
588 4048 620 4100 et
647 4035 825 4113 imbellior,
855 4055 873 4096 e
899 4033 1064 4096 Germanis
1092 4032 1161 4114 ipsa

137 4157 272 4216 robora.¹
