2959 4875
319 413 361 478 24
515 514 519 525 ,
707 411 939 482 GERMANIA

322 587 497 663 alluuntur,
534 585 648 670 quibus
681 587 759 649 ritus
788 587 976 671 habitusque
1005 586 1200 679 Succorum,
1232 589 1343 672 lingua

320 701 513 762 britannicae
545 700 687 782 propior.
744 703 880 768 Matrem
912 703 1005 767 deum
1038 716 1241 768 venerantur.
1290 706 1343 767 in·

323 821 408 902 signe
430 820 658 902 superstitionis
680 821 797 884 iormas
823 840 973 902 aprorum
992 831 1129 899 gestant:
1151 815 1185 879 id
1205 838 1266 899 pro
1288 839 1341 879 ar·

324 934 383 996 mis
415 937 617 1018 omniumque
649 938 748 998 tutela
777 957 923 998 securum
952 933 1028 996 deae
1061 935 1215 995 cultorem
1247 934 1343 994 etiam

323 1048 406 1108 inter
435 1049 539 1110 hostes
570 1061 717 1130 praestat.
772 1048 874 1112 Rarus
903 1048 998 1126 ferri,
1030 1047 1180 1130 frequens
1212 1046 1344 1110 fustium

323 1181 411 1224 usus.
467 1161 638 1225 Frumeuta
670 1176 853 1248 ceterosque
886 1165 1007 1227 fructus
1042 1161 1211 1246 patientius
1246 1182 1344 1245 quam

324 1294 383 1358 pro
416 1276 506 1339 solita
532 1277 764 1341 Germanorum
791 1279 903 1342 inertia
923 1281 1080 1342 laborant.
1128 1274 1185 1341 sed
1206 1289 1237 1340 et
1257 1297 1345 1340 mare

325 1405 511 1471 scrutantur,
539 1416 574 1457 ac
596 1395 655 1458 soli
676 1397 817 1459 omnium
838 1395 1007 1471 succinum,
1036 1391 1123 1478 quod
1143 1393 1204 1475 ipsi
1225 1395 1346 1474 glesum

325 1522 455 1588 vocant,
489 1508 572 1572 inter
601 1508 682 1575 uada
710 1522 803 1594 atque
832 1510 866 1572 in
894 1511 963 1591 ipso
991 1510 1083 1571 litore
1115 1509 1234 1588 legunt.
1287 1526 1345 1568 nec

326 1643 406 1704 quae
434 1635 546 1686 natura
569 1644 689 1706 quaeve
714 1623 796 1687 ratio
824 1623 944 1704 gignat,
974 1635 1010 1684 ut
1031 1621 1192 1699 barbaris,
1221 1619 1347 1704 quaesi·

324 1749 392 1799 tum
418 1750 660 1820 compertumve.
704 1738 759 1801 diu
780 1740 857 1822 quin
882 1738 975 1801 ctiam
995 1737 1079 1800 inter
1105 1750 1207 1800 cetera
1234 1741 1347 1814 ejecta-

325 1847 429 1912 ments
448 1850 542 1914 maris
561 1855 692 1932 jacebat,
715 1852 815 1918 donec
835 1855 962 1917 luxuria
984 1865 1093 1916 nostra
1113 1851 1198 1915 dedit
1217 1872 1345 1918 nomen.

326 1963 401 2045 ipsis
421 1965 458 2026 in
479 1967 567 2028 nullo
590 1988 668 2031 usu:
689 1965 769 2031 rude
789 1967 911 2048 legitur,
931 1967 1067 2030 informe
1085 1967 1254 2050 perfertur,
1274 1987 1347 2047 pre·

326 2080 469 2164 tiumque
498 2082 646 2146 mirantes
676 2083 841 2166 accipiunt.
893 2082 1029 2147 Succum
1060 2095 1166 2145 tamen
1196 2081 1347 2147 arborum

329 2216 394 2258 esee
416 2197 579 2278 intelligas,
603 2199 678 2280 quia
699 2211 824 2260 terrena
846 2195 999 2281 quaedam
1022 2208 1116 2279 atque
1141 2195 1234 2258 etiam
1254 2197 1348 2259 uolu-

329 2306 393 2369 cria
415 2308 561 2370 animalia
582 2310 768 2396 plerumque
790 2311 992 2386 interlucent,
1016 2330 1096 2393 quae
1114 2308 1271 2390 implicata
1287 2311 1348 2370 lm·
1456 2324 1457 2329 ’

331 2444 417 2487 more
446 2444 522 2487 mox
550 2423 733 2488 durescente
765 2424 897 2488 materia
924 2425 1103 2489 cluduntur.
1150 2421 1350 2486 Fecundiora
1456 2475 1457 2484 2

328 2539 423 2619 igitur
443 2560 573 2603 nemora
594 2544 754 2624 lucosque,
781 2543 860 2604 sicut
881 2538 1020 2605 Orientis
1041 2541 1177 2618 secretis,
1197 2540 1256 2603 ubi
1276 2553 1349 2603 tura

330 2654 529 2738 balsamaque
551 2653 714 2737 sudantur,
736 2656 780 2717 ita
802 2653 977 2720 Occidentis
996 2657 1108 2719 insulis
1125 2655 1278 2738 terrisque
1298 2657 1350 2717 in·

330 2788 395 2831 cese
419 2767 619 2849 crediderim,
648 2790 728 2854 quae
749 2769 844 2832 vicini
865 2769 940 2833 eolis
963 2766 1059 2831 radiis
1082 2790 1231 2851 expressa
1255 2781 1349 2852 atque

329 2882 482 2963 liquentia
503 2885 536 2945 in
558 2884 738 2964 proximum
764 2905 850 2945 mare
870 2884 1037 2961 labuntur,
1071 2904 1106 2948 ac
1130 2883 1163 2946 vi
1182 2894 1350 2964 tempesta·

330 3007 396 3055 tum
425 2994 459 3054 in
489 2993 620 3057 adversa
649 2996 742 3058 litora
771 2993 942 3057 exundant.
993 2994 1029 3056 Si
1057 3008 1203 3058 naturam
1232 2996 1351 3059 succini

332 3107 456 3170 admoto
478 3108 548 3189 igne
570 3120 679 3187 tentes,
704 3107 736 3169 in
757 3106 886 3169 modum
904 3105 1013 3170 taedae
1032 3106 1213 3170 accenditur
1232 3108 1350 3191 alitque

331 3221 487 3286 ssarnmam
511 3222 658 3305 pinguem
688 3236 720 3285 et
749 3225 903 3303 olentem3
935 3244 1011 3287 mox
1037 3235 1072 3285 nt
1093 3224 1128 3284 in
1149 3224 1251 3305 picem
1270 3222 1350 3284 resi-

332 3355 443 3400 namve
467 3338 617 3400 lentescit.
657 3335 830 3400 Suionibus
859 3337 1004 3400 Sitonum
1031 3349 1138 3417 gentes
1162 3336 1350 3399 continuan-

330 3465 392 3512 tur.
435 3463 538 3514 cetera
559 3452 690 3530 similes,
719 3472 784 3514 uno
806 3451 971 3530 differunt,
1001 3451 1086 3535 quod
1108 3451 1225 3515 femina
1249 3450 1350 3516 domi-

331 3579 443 3630 natur:
474 3566 507 3629 in
536 3580 656 3630 tantum
685 3588 749 3631 non
777 3566 872 3632 modo
898 3592 917 3630 a
943 3570 1103 3648 libertate,
1133 3567 1305 3631 sedetiam
1330 3589 1350 3629 a

330 3682 479 3749 servitute
501 3681 698 3763 degenerant.
742 3683 802 3746 Hic
824 3682 957 3750 Sueviae
976 3686 1059 3748 finis.

282 3805 316 3855 46
416 3796 626 3863 Peucinorum
651 3798 909 3883 Venetorumque
940 3812 971 3862 et
998 3798 1181 3861 Fennorum
1208 3794 1351 3858 nationes

331 3908 495 3973 Germanis
530 3934 571 3975 an
606 3911 756 3976 Sarmatis
790 3910 964 3975 adscribam
1001 3910 1129 3988 dubito,
1168 3929 1351 3992 quanquam

330 4023 468 4102 Peucini,
490 4046 571 4109 quos
593 4026 720 4111 quidam
741 4028 910 4090 Bastarnas
930 4037 1054 4101 vocant,
1077 4044 1232 4097 sermone,
1253 4024 1351 4099 cultu,

330 4133 402 4197 sede
426 4158 460 4199 ac
490 4136 652 4201 domiciliis
680 4153 713 4202 ut
743 4139 891 4203 Germani
917 4151 1022 4220 agunt.
1070 4138 1185 4205 Sordes
1208 4139 1350 4204 omnium
