2959 4875
463 470 526 545 EX
550 468 785 540 HISTORIIS
1069 470 1160 539 105,

113 644 195 708 dam
223 645 258 705 in
287 644 444 725 populum
472 662 640 706 romanum
670 640 800 720 effudit,
829 638 975 706 turbidas
1002 642 1133 706 miscen-

114 760 160 822 dis
181 758 390 823 seditionibus
414 770 447 819 et
465 758 626 842 plerisque
649 771 755 838 grattu
775 756 902 824 vecordi
925 756 1081 823 facundia.

196 878 240 938 At
259 873 361 937 Julius
382 875 513 955 Auspex
543 895 560 935 e
585 872 780 954 primoribus
804 873 976 936 Remorum
995 873 1059 937 vim
1081 890 1135 934 ro*
1149 872 1222 937 4,69

116 1010 238 1050 menam
267 990 417 1071 pacisque
446 991 530 1052 bona
557 987 725 1051 dissertans
748 1001 779 1054 et
799 988 881 1051 sumi
905 988 1023 1051 bellum
1043 986 1136 1049 etiam

117 1103 156 1162 ab
176 1101 315 1181 ignaris,
347 1100 555 1163 strenuissimi
582 1104 737 1184 cujusque
765 1102 904 1185 periculo
926 1101 992 1181 geri
1010 1106 1136 1183 jamque

118 1236 212 1298 super
232 1228 325 1297 caput
344 1217 499 1295 legiones,
529 1216 791 1297 sapientissImum
812 1236 969 1300 quemque
989 1234 1137 1279 reveren-

117 1333 158 1393 tia
175 1330 313 1414 fideque,
332 1332 473 1407 juniores
493 1332 635 1412 periculo
654 1353 689 1394 ac
707 1344 793 1393 metu
814 1330 978 1395 continuit.
1019 1339 1051 1389 et
1070 1327 1136 1389 Va·

117 1444 226 1507 Iontioi
246 1444 386 1505 animum
406 1440 587 1520 laudabant,
610 1444 776 1506 consilium
796 1442 941 1524 AuspIcis
961 1441 1138 1523 sequeban-

119 1575 177 1623 πυτ.
228 1558 360 1623 Constet
389 1558 545 1621 obstitisse
578 1557 726 1620 Treveris
758 1556 1019 1639 Lingonibusque
1053 1550 1138 1635 apud

120 1676 253 1755 Gallias,
291 1672 378 1759 quod
408 1672 551 1737 Vindicis
578 1687 668 1737 motu
699 1696 771 1739 cum
800 1674 952 1755 Verginio
980 1682 1140 1736 steterant.

119 1789 269 1854 deterruit
287 1793 455 1873 plerosque
476 1788 713 1871 provinciarum
733 1790 918 1854 aemulatio:
948 1786 1034 1873 quod
1054 1786 1139 1849 bello

120 1903 236 1988 caput?
279 1904 364 1968 unde
393 1910 442 1983 jus
472 1905 709 1988 auspiciumque
740 1901 924 1987 peteretur?
968 1922 1081 1987 quam,
1113 1900 1140 1961 ei

120 2031 234 2081 cuncta
257 2019 482 2101 provenissent,
504 2017 610 2081 sedem
629 2018 764 2101 Imperio
784 2015 946 2099 legerent?
989 2011 1142 2077 Nondum

120 2131 268 2210 victoria,
294 2138 357 2211 jem
384 2132 541 2197 discordie
564 2146 649 2214 erat,
681 2133 751 2196 aliis
780 2131 925 2210 foedera,
954 2126 1140 2213 quibusdam

122 2266 198 2327 opes
220 2246 367 2327 &esque
389 2258 443 2307 aut
463 2259 648 2309 venustatem
669 2246 799 2326 originis
820 2266 879 2328 per
904 2244 1006 2325 jurgia
1025 2247 1142 2322 jactan-

122 2360 215 2422 tibus.
255 2358 362 2420 taedio
387 2359 569 2423 lustrorum
589 2359 769 2442 praesentia
789 2360 947 2441 placuere.
991 2354 1142 2421 Scribun-

123 2489 175 2536 tur
195 2473 236 2537 ad
265 2474 422 2537 Treveros
447 2475 596 2557 epistolae
618 2475 749 2538 nomine
770 2475 962 2553 Galliarum,
991 2487 1027 2536 ut
1048 2472 1144 2533 absti-

123 2601 234 2653 nerem
254 2588 348 2648 armis
367 2584 558 2668 Impetrabili
578 2589 670 2651 renis
690 2597 723 2650 et
742 2589 858 2668 paratis
878 2586 1143 2668 deprecatoribus,

123 2701 151 2761 si
170 2701 353 2781 poeniteret.
394 2698 519 2762 Restitit
537 2697 622 2760 idem
642 2698 832 2762 Valentinus
854 2698 1075 2781 obstruxitque
1100 2696 1144 2758 ci-

122 2815 227 2880 vitatis
247 2835 323 2879 suae
347 2835 442 2877 aures
462 2813 550 2878 haud
571 2813 704 2897 perinde
724 2814 910 2879 instruendo
931 2816 1015 2878 bello
1041 2814 1144 2876 inten-

122 2943 172 2993 tus
194 2951 290 3014 quam
312 2931 461 3014 frequens
483 2931 698 2993 concionibus.

208 3043 308 3124 lgitur
337 3063 405 3106 non
432 3043 565 3107 Treveri
594 3065 699 3126 neque
724 3042 885 3122 Lingones
910 3054 1069 3105 ceteraeve
1093 3059 1145 3103 re·
1159 3045 1231 3109 ido

124 3157 256 3220 bellium
287 3157 425 3221 civitates
457 3175 518 3238 pro
546 3151 761 3234 magnitudine
793 3153 929 3234 suscepti
957 3151 1143 3216 discriminis

124 3293 227 3354 agere.
270 3295 312 3335 ne
332 3270 429 3335 duces
455 3269 583 3354 quidem
604 3270 638 3332 in
660 3289 760 3332 unum
783 3270 963 3347 consulere,
985 3269 1039 3333 ssd
1061 3269 1146 3333 civi-

91 3373 95 3380 ’
121 3389 162 3452 lis
184 3388 256 3453 avia
276 3387 444 3469 Belgarum
464 3387 661 3463 circumibat,
679 3385 755 3449 dum
777 3382 944 3449 Claudium
964 3384 1147 3448 Labeonem

124 3527 240 3587 capere
262 3517 319 3566 aut
343 3504 513 3566 exturbare
543 3503 672 3568 nititur:
710 3501 866 3566 Classicus
894 3523 986 3582 segne
1009 3504 1150 3583 plerum·

124 3641 192 3709 que
220 3620 321 3684 otium
348 3621 477 3682 trahens
504 3621 594 3683 velut
620 3633 712 3700 parto
737 3621 872 3700 imperio
892 3619 1066 3680 fruebatur.
1108 3631 1149 3674 ne

124 3737 232 3798 Tutor
260 3732 388 3817 quidem
417 3729 587 3796 maturavit
616 3729 810 3812 superiorem
840 3727 1024 3791 Germaniae
1047 3725 1150 3806 ripam

124 3863 159 3912 et
195 3847 298 3911 ardua
331 3849 450 3931 alpium
481 3843 646 3928 praesidiis
678 3843 833 3906 claudere.
886 3842 991 3925 Atque
1024 3841 1150 3904 interim

121 3963 370 4029 unaetvicesima
399 3963 482 4044 legio
515 3959 726 4041 Vindonissa,
767 3957 915 4021 Sextilius
953 3955 1044 4019 Felix
1079 3973 1151 4017 com

122 4078 304 4142 auxiliariis
335 4077 518 4139 cohortibus
547 4095 606 4157 per
636 4069 778 4135 Raetiam
810 4072 965 4152 irrupere.
1025 4068 1152 4131 accessit

123 4195 178 4254 ala
200 4189 424 4272 singularium,
452 4190 555 4253 exeita
581 4187 656 4252 olim
679 4210 698 4250 a
719 4185 861 4262 Vitellio,
888 4181 1001 4246 deinde
1023 4182 1055 4244 in
1079 4199 1150 4264 par·
