2959 4875
312 434 377 501 102
652 428 716 499 EX
737 426 973 499 HISTORIIS

311 609 371 671 bus
400 601 466 681 deis
492 612 526 670 et
544 605 716 689 praecipuo
738 604 871 672 deorum
892 602 989 670 Marti
1010 615 1110 687 grates
1132 598 1251 683 agimus
1273 619 1331 663 vo-

310 724 424 807 bisque
457 724 665 807 gratulamur,
700 720 788 807 quod
816 718 944 786 tandem
978 720 1070 783 liberi
1101 719 1184 783 inter
1211 718 1332 779 liberos

312 837 408 902 eritis.
448 856 523 899 nam
545 834 584 900 ad
609 836 694 898 hunc
716 832 799 897 diem
819 832 950 897 flumina
977 854 1013 896 ac
1033 844 1133 895 terras
1155 842 1187 893 et
1208 829 1333 893 coelum

312 946 546 1033 quodammodo
577 949 680 1030 ipsum
712 949 888 1009 clauserant
918 944 1070 1023 Romani,
1108 955 1144 1005 ut
1174 941 1333 1024 colloquia

312 1084 560 1149 congressusque
578 1078 703 1127 nostros
722 1074 873 1141 arcerent,
893 1062 954 1140 vel,
973 1059 1060 1145 quod
1076 1058 1332 1124 contumeliosius

314 1190 362 1241 est
390 1177 468 1240 viria
495 1175 536 1239 sd
565 1198 653 1237 arma
681 1176 780 1254 natis,
808 1176 943 1237 inermes
973 1196 1008 1237 ac
1036 1194 1136 1256 prope
1164 1170 1244 1235 nudi
1273 1174 1332 1235 sub

314 1289 445 1356 custode
473 1303 503 1354 et
525 1291 634 1372 ,pretio
662 1290 827 1354 coiremus.
867 1288 931 1361 Sed
959 1301 995 1355 ut
1022 1288 1157 1353 amicitia
1188 1286 1333 1349 societas-

315 1428 378 1492 que
406 1420 513 1470 nostra
542 1408 578 1469 in
608 1418 771 1472 aeteruum
798 1418 866 1469 rata
898 1408 959 1471 sint
985 1408 1180 1489 postulamus
1203 1426 1222 1466 a
1242 1402 1332 1467 vobis

313 1540 423 1585 muros
446 1522 607 1602 coloniae,
635 1523 830 1587 munimenta
857 1522 993 1603 seruitii,
1022 1520 1209 1585 detrahatis:
1240 1520 1333 1581 etiam

313 1636 383 1698 fora
403 1634 569 1713 animellas,
600 1635 628 1697 si
655 1638 760 1700 clausa
788 1646 914 1717 teneas,
943 1636 1065 1700 virtutis
1096 1633 1335 1697 obhviscuntur.

313 1749 477 1811 Romanos
505 1767 614 1812 omnes
635 1749 669 1809 in
691 1748 809 1811 linibus
837 1750 951 1812 vestrIs
972 1746 1149 1813 trucidetis:
1179 1742 1263 1808 haud
1285 1746 1335 1805 fa·

265 1884 268 1887 ·
315 1862 373 1924 cile
393 1859 522 1923 libertas
543 1872 576 1924 ct
595 1857 716 1922 domini
735 1860 922 1941 miscentur,
942 1861 1029 1921 bona
1047 1859 1280 1922 interfectorum
1299 1856 1335 1921 iu

314 1972 453 2037 medium
475 1972 605 2056 cedant,
633 1995 674 2036 ne
695 1976 768 2059 quis
796 1976 938 2040 occulere
960 1972 1132 2059 quidquam
1157 1985 1212 2037 aut
1231 1993 1337 2054 segre-

315 2108 387 2167 gare
408 2107 533 2151 causam
554 2108 643 2151 suam
662 2090 773 2170 possit.
814 2088 924 2155 Liceat
940 2086 1031 2152 nobis
1048 2089 1202 2176 uobisque
1218 2100 1336 2151 utram·

315 2221 377 2282 que
398 2199 500 2283 ripam
520 2201 638 2281 colere,
658 2211 695 2263 ut
718 2200 793 2263 olim
814 2201 986 2282 majoribus
1006 2198 1132 2268 nostris.
1174 2196 1335 2285 quomodo

314 2314 417 2376 lucam
444 2313 591 2399 diemque
621 2316 770 2377 omnibus
798 2316 998 2395 hominibus,
1028 2317 1073 2379 ita
1101 2333 1210 2379 omnes
1235 2326 1335 2377 terras

315 2428 451 2494 fortibus
477 2428 554 2494 viria
582 2441 697 2494 natura
719 2430 852 2513 aperuit.
895 2431 1041 2495 Instituta
1076 2428 1255 2512 cultumque
1278 2450 1338 2511 pa-

314 2546 412 2608 trium
438 2545 603 2626 resumite,
632 2546 774 2628 abruptis
799 2547 1033 2630 voluptatibus,
1064 2548 1179 2632 quibus
1200 2541 1337 2608 Romani

314 2659 388 2740 plus
419 2655 569 2724 adversus
601 2661 756 2740 subjectos
786 2683 882 2746 quam
909 2663 1003 2726 armis
1032 2663 1146 2730 valent.
1197 2663 1337 2728 sincerus

317 2785 349 2835 et
375 2773 496 2854 integer
524 2787 555 2839 et
580 2776 736 2840 semiustis
766 2776 883 2840 oblitus
911 2777 1049 2868 populus
1079 2771 1135 2840 aut
1163 2797 1205 2839 ex
1233 2795 1336 2860 aequo

316 2889 411 2970 agetis
432 2900 486 2952 aut
506 2890 575 2952 aliis
596 2890 833 2973 imperitabitis.’

231 3007 302 3070 nus
399 3000 642 3082 Agrippinenses
670 3016 796 3083 sumpto
828 3001 1025 3066 consultandi
1056 3002 1175 3086 spatio,
1209 2998 1335 3086 quando

317 3139 421 3202 neque
453 3119 561 3182 subire
594 3117 794 3182 condiciones
828 3131 929 3182 metus
962 3119 1062 3182 futuri
1094 3141 1197 3204 neque
1232 3122 1336 3201 palam

317 3234 479 3315 aspernari
511 3231 654 3298 condicio
684 3254 834 3316 praesens
863 3234 1002 3314 sinebat,
1031 3234 1067 3296 in
1094 3235 1179 3297 hunc
1207 3231 1337 3294 modum
1388 3247 1393 3256 ·

316 3344 518 3427 respondent.
571 3348 663 3430 ‘quae
696 3349 799 3428 prima
829 3347 980 3410 libertatis
1011 3348 1140 3410 facultas
1174 3345 1243 3408 data
1278 3359 1335 3424 est,

317 3454 438 3519 avidius
466 3477 562 3539 quam
591 3457 712 3519 cautius
744 3456 949 3539 sumpsimus,
983 3471 1019 3522 ut
1045 3461 1137 3526 vobis
1165 3459 1337 3543 ceterisque

317 3574 498 3653 Germanis,
530 3574 768 3655 consanguineis
796 3574 929 3653 nostris,
958 3579 1170 3656 jungeremur.
1230 3593 1339 3638 muros

315 3687 446 3752 civitatis
482 3687 742 3770 congregantibus
776 3707 810 3750 se
846 3709 917 3750 cum
951 3688 1086 3752 maxime
1120 3686 1337 3751 Romanorum

315 3801 504 3866 exercitibus
533 3825 647 3884 augere
677 3801 770 3867 nobis
793 3825 889 3888 quarn
914 3801 1040 3866 (luttere
1061 3801 1158 3865 tutius
1180 3813 1237 3862 est.
1285 3797 1336 3862 st-

315 3918 369 3999 qui
401 3937 441 3980 ex
468 3918 557 3980 Italia
584 3931 639 3980 aut
665 3919 836 3999 provinciis
865 3918 1058 3997 alienigenae
1081 3917 1116 3980 in
1130 3915 1132 3920 ’
1145 3916 1260 3980 finibus
1281 3933 1341 3978 no·

314 4030 384 4091 stris
405 4027 545 4107 fuerant,
566 4049 620 4092 eos
640 4031 760 4092 bellum
782 4029 954 4111 absumpsit
972 4029 1024 4092 sel
1045 4029 1078 4091 in
1102 4051 1173 4094 suas
1206 4032 1339 4114 quisque

314 4135 402 4204 sedes
424 4140 579 4220 refugere.
622 4139 762 4203 deductis
787 4139 860 4205 olim
884 4152 914 4204 et
939 4143 1102 4206 nobiscum
1130 4163 1189 4226 per
1219 4162 1339 4207 eonnu·
