2959 4875
469 431 533 500 EX
556 431 810 502 ANNALIBUS
1075 434 1148 503 ”47

123 609 261 676 CITUM
276 607 432 672 TIBERII
450 604 649 670 CAESARIS
665 605 720 668 EA
731 603 995 671 MONIMENTA
1009 607 1147 670 MARTI

121 728 174 788 ET
201 723 298 790 JOVI
325 723 381 786 ΕΤ
407 719 610 786 AUGUSTO
639 719 905 787 sAcRAvtssE.
952 723 990 786 de
1013 744 1047 786 se
1067 724 1148 786 nihil

122 837 252 915 addidit,
273 850 358 900 metu
381 833 529 914 invidiae,
552 857 592 896 an
613 847 700 899 ratus
723 838 943 901 conscientiam
963 838 1052 902 iactis
1072 841 1147 904 satis

122 974 198 1016 esse.
245 954 326 1014 Mox
347 953 464 1014 bellum
486 950 519 1012 in
542 952 746 1033 Angrivarios
768 952 919 1019 Stertinio
937 954 1083 1032 mandat,
1111 954 1147 1016 ni

121 1068 312 1133 deditionem
331 1069 593 1150 properaviasent.
636 1081 731 1151 atque
749 1069 797 1131 illi
816 1069 971 1152 supplices
993 1069 1072 1131 nihil
1088 1070 1145 1132 ab·

120 1179 248 1244 nuendo
269 1181 394 1245 veniam
414 1181 555 1243 omnium
579 1201 736 1264 accepere.

205 1294 269 1358 Sed
291 1307 405 1358 aestate
430 1301 494 1375 jam
523 1295 629 1358 adulta
650 1297 809 1379 legionum
834 1300 911 1362 aliae
939 1297 1052 1361 itinere
1081 1311 1143 1362 ter·
1157 1315 1228 1378 aas

121 1410 213 1474 cestii
232 1411 267 1471 in
288 1409 493 1472 hibernacula
514 1409 680 1488 remissae,
711 1412 819 1492 plures
849 1433 955 1476 caesar
974 1413 1065 1475 classi
1084 1412 1142 1475 im-

120 1529 237 1610 positas
257 1547 316 1610 per
335 1528 453 1590 flumen
481 1528 628 1590 Amisiam
654 1548 773 1591 oceano
796 1530 926 1592 invexit.
967 1531 1014 1593 Ac
1037 1529 1141 1610 primo

119 1641 278 1725 placidum
304 1662 424 1724 aequor
437 1641 530 1704 ¹mille
553 1641 683 1706 nauium
707 1640 802 1703 remis
829 1653 968 1722 strepere
990 1654 1045 1704 aut
1065 1644 1142 1705 velis

118 1758 257 1838 impelli:
287 1775 363 1829 mox
389 1767 458 1818 atro
487 1755 621 1818 nubium
641 1758 736 1837 globo
758 1757 859 1819 effusa
882 1756 1020 1838 mando,
1048 1755 1142 1822 simul

119 1872 213 1934 variis
240 1868 380 1952 undique
408 1869 552 1950 procellis
582 1869 694 1930 incerti
717 1868 830 1934 fluctus
850 1884 1050 1955 prospectum
1074 1871 1140 1936 adi·

117 2007 216 2063 mere,
238 1987 373 2064 regimen
387 1982 549 2066 impedire,
570 1985 722 2068 milesque
739 1984 873 2066 pavidus
886 1999 915 2048 et
927 2009 1056 2050 casuum
1073 2008 1140 2048 ma-

117 2099 162 2162 ris
187 2099 330 2180 ignarus,
362 2098 436 2161 dum
464 2102 571 2162 turbat
598 2112 710 2163 nautas
737 2100 790 2164 uel
808 2099 1026 2180 intempestive
1045 2105 1140 2178 juvat,

119 2212 221 2276 officia
243 2210 445 2293 prudentium
468 2215 701 2296 corrumpebat.
744 2210 847 2277 Omne
875 2212 988 2276 dehinc
1016 2217 1140 2277 coelum

119 2311 150 2387 et
169 2347 255 2388 mare
278 2344 371 2386 omne
390 2323 425 2386 in
446 2339 588 2388 austrum
610 2327 708 2404 cessit,
731 2327 788 2410 qui
809 2327 936 2392 tumidis
953 2329 1139 2404 Germaniae

118 2446 224 2522 terris,
251 2441 418 2524 profundis
439 2445 585 2505 amnibus
605 2442 760 2507 immenso
782 2447 915 2510 nubium
936 2459 1038 2510 tractu
1059 2448 1139 2510 vali-

117 2556 175 2621 dus
205 2571 237 2620 et
263 2559 368 2637 rigore
393 2556 488 2620 vicini
510 2557 731 2638 septentrionis
754 2557 916 2621 horridior
942 2561 1049 2642 rapuit
1077 2558 1141 2623 dis-

115 2672 247 2754 jecitque
276 2688 372 2733 naves
400 2670 436 2731 in
463 2682 572 2751 aperta
602 2672 712 2733 oceani
744 2686 800 2736 aut
826 2674 945 2737 insulas
972 2676 1057 2739 saxis
1083 2678 1139 2738 ab·

115 2789 215 2868 ruptis
243 2788 295 2849 uel
321 2806 382 2867 per
412 2787 533 2847 occulta
561 2782 643 2848 vada
672 2784 812 2847 infestas.
864 2789 980 2869 quibus
1007 2789 1140 2869 paulum

115 2920 268 2982 aegreque
288 2898 390 2962 vitatis
406 2910 575 2980 postquam
591 2897 732 2960 mutabat
753 2912 856 2961 aestus
877 2897 1051 2982 eodemque
1073 2919 1138 2982 quo

114 3028 225 3077 ventus
252 3015 390 3091 ferebat,
423 3034 490 3076 non
515 3012 687 3076 adhaerere
713 3015 854 3107 ancoris,
881 3035 946 3078 non
970 3015 1138 3078 exhaurire

112 3132 324 3211 irrumpentes
350 3126 451 3191 undas
480 3141 644 3210 poterant:
678 3128 770 3210 equi,
800 3134 956 3207 jumenta,
988 3130 1137 3207 sarcinae,

111 3246 205 3306 etiam
227 3264 313 3305 arma
334 3241 590 3323 praecipitantur,
612 3260 677 3322 quo
699 3241 883 3305 levarentur
904 3239 986 3304 alvei
1005 3261 1138 3305 manan-

110 3369 157 3418 tes
177 3378 238 3439 per
257 3358 355 3419 latera
376 3352 406 3419 et
426 3356 523 3419 fluctu
545 3369 783 3439 superurgente.

195 3470 324 3549 Quanto
345 3473 514 3537 violentior
536 3486 640 3535 cetero
661 3472 743 3533 mari
765 3492 902 3535 oceanus
923 3484 964 3534 et.
977 3473 1137 3536 truculen·
1149 3488 1221 3553 224

109 3585 152 3647 tia
177 3586 257 3647 coeli
277 3598 414 3667 praestat
436 3584 624 3663 Germania,
653 3596 776 3647 tantum
797 3588 853 3649 illa
874 3584 976 3650 clades
998 3586 1136 3650 novitate

108 3710 140 3759 et
164 3697 379 3777 magnitudine
408 3700 555 3779 excessit,
584 3698 751 3761 hostilibus
778 3700 894 3763 circum
913 3700 1059 3765 litoribus
1080 3710 1135 3760 aut

106 3815 152 3874 ita
173 3825 263 3877 vasto
286 3824 316 3873 et
337 3811 516 3893 profundo,
550 3826 586 3875 ut
609 3811 757 3875 credatur
782 3812 988 3875 nomssimum
1009 3832 1044 3875 ac
1066 3810 1134 3873 sine

105 3928 200 3989 terris
228 3947 323 3988 mere.
366 3927 443 3988 Pars
475 3924 604 3989 navium
634 3924 764 3985 haustae
794 3937 884 4001 sunt,
913 3926 1020 4005 plures
1049 3924 1134 4007 apud

105 4037 226 4101 insulas
255 4042 379 4121 longius
406 4043 480 4102 sitas
510 4046 640 4120 ejectae,
664 4039 816 4124 milesque
839 4040 928 4101 nullo
948 4040 1012 4100 illic
1032 4040 1134 4101 homi·

105 4174 185 4215 num
207 4158 292 4217 cultu
317 4158 398 4218 fame
420 4158 615 4238 absumptus,
637 4154 698 4219 nisi
720 4174 800 4238 quos
823 4174 957 4237 corpora
979 4173 1133 4237 equorum
