2959 4875
483 392 546 457 ux
570 392 806 461 HISTORIIS
1114 398 1156 463 ut

137 588 313 641 romanam,
344 575 379 626 ut
408 564 558 629 Treveris
585 564 680 629 etiam
707 564 967 653 Lingonibusque
998 566 1158 651 despectui

138 685 184 747 sit.
225 699 389 763 superesse
409 677 488 743 lidos
507 682 706 763 provincias,
734 682 870 746 victores
891 685 1064 764 exercitus,
1092 686 1159 749 for·

138 810 242 859 tunam
267 792 395 875 imperii
417 804 448 856 et
469 795 587 856 ultores
611 792 697 857 deos.
743 796 787 867 sic
809 796 885 859 olim
905 796 1105 860 Sacrovirum
1127 812 1158 861 st

138 907 279 983 Aeduos,
311 926 415 989 nuper
449 903 617 969 Vindicem
648 906 832 993 Galliasque
868 906 997 989 singulis
1030 909 1159 992 proeliis

140 1018 320 1085 concidisse.
361 1015 473 1080 eadem
492 1037 604 1081 rursus
625 1019 776 1098 numina,
798 1018 909 1083 eadem
931 1022 995 1083 fata
1014 1034 1160 1104 ruptores

140 1136 303 1199 foederum
321 1144 551 1215 exspectarent.
596 1135 709 1198 melius
730 1134 805 1200 divo
825 1136 909 1201 Iullo
931 1136 1068 1222 divoque
1092 1140 1162 1213 Auff
1229 1123 1231 1127 ’

138 1263 226 1331 gusto
249 1260 341 1311 notos
365 1267 478 1311 eorum
498 1245 637 1311 animos:
668 1245 802 1311 Galbam
824 1260 855 1313 st
881 1248 1016 1314 infracta
1042 1251 1159 1315 tributa

139 1363 264 1427 hostiles
289 1360 418 1443 spiritus
438 1356 588 1423 induisse.
630 1380 715 1422 nunc
734 1362 858 1441 hostes,
880 1364 957 1448 quia
977 1365 1073 1429 molle
1094 1388 1159 1429 aer·

140 1479 264 1557 sitium,
298 1496 396 1559 quum
424 1476 550 1557 spoliati
578 1476 729 1559 exutique
758 1478 895 1558 fuerint,
928 1482 1044 1545 amicos
1072 1482 1161 1545 iore?

139 1596 225 1657 llaec
256 1593 404 1655 ferociter
433 1593 559 1655 locutus
591 1602 760 1677 postquam
789 1604 931 1675 perstare
960 1595 994 1657 in
1029 1595 1161 1678 perfidia

140 1706 308 1771 Classicum
335 1706 552 1789 Tutoremque
581 1704 684 1784 videt,
717 1727 812 1771 verso
842 1708 955 1773 itinera
986 1708 1160 1775 Novesium

140 1820 292 1885 concedit.
333 1819 419 1885 Galli
438 1818 537 1884 duum
556 1806 691 1885 millium
713 1823 816 1907 spatio
837 1824 1023 1891 distantibus
1043 1829 1161 1911 campis

139 1932 320 1997 consedere.
358 1935 435 1998 illuc
458 1936 699 1999 commeantium
717 1938 940 2003 centurionum
962 1942 1161 2025 militumque

140 2052 326 2113 emebantur
354 2050 469 2129 animi,
510 2065 545 2114 ut
576 2048 740 2134 (flagitium
772 2051 979 2134 incognitum)
1012 2076 1162 2121 romanus

141 2163 298 2227 exercitus
318 2164 353 2225 in
375 2175 505 2226 externa
525 2163 624 2226 verba
642 2167 786 2243 jurarent
802 2166 979 2249 pignusque
997 2168 1078 2231 tanti
1096 2188 1164 2233 sce·

139 2280 214 2341 loris
229 2300 306 2341 nece
324 2292 380 2341 aut
392 2277 525 2342 sincqu
544 2276 720 2358 legatorum
733 2277 874 2342 daretur.
916 2281 1048 2356 Vocula,
1064 2301 1164 2368 quan-

142 2413 238 2478 quam
255 2392 402 2476 plerique
421 2392 527 2472 fugam
547 2389 731 2473 suadebant,
752 2390 932 2458 audendum
949 2408 1036 2461 ronta
1055 2412 1164 2464 vocata

24 2572 25 2579 ,
138 2508 292 2571 concione
313 2506 347 2567 in
369 2507 455 2568 hunc
477 2504 608 2568 modum
629 2505 785 2570 disseruit.

225 2621 409 2704 ‘Nunquam
430 2615 514 2698 apud
539 2637 600 2680 sos
625 2619 722 2682 verba
743 2615 804 2680 ieci
825 2628 879 2680 aut
904 2638 964 2700 pro
988 2620 1081 2683 uobis
1102 2621 1165 2682 sol·
1177 2653 1250 2714 450

24 2724 25 2733 ¹
138 2735 256 2797 licitior
275 2747 332 2796 aut
352 2754 413 2816 pro
435 2753 486 2794 ms
507 2733 657 2796 securior.
700 2753 774 2794 nam
800 2732 879 2794 mihi
904 2733 1036 2798 exitium
1059 2736 1166 2818 parari

137 2852 243 2913 lslssns
265 2847 362 2912 audio
381 2859 578 2930 mortemque
601 2846 637 2908 in
652 2857 700 2910 tot
719 2847 809 2910 malis
831 2847 1005 2929 hospitium
1023 2861 1054 2913 et
1070 2849 1166 2912 fiuent

137 2964 340 3028 miserimum
361 2973 520 3044 exspecto.
568 2961 664 3026 vestri
684 2982 735 3024 mo
755 2957 855 3044 pudet
874 2962 1081 3045 miseretque,
1111 2960 1167 3024 ad·

136 3097 252 3140 versus
274 3095 355 3158 quos
376 3095 442 3138 non
469 3075 628 3158 proelium
656 3087 687 3137 et
715 3077 797 3138 acics
826 3088 981 3157 parantur
1008 3073 1055 3160 (ld
1083 3076 1167 3137 enim

138 3192 190 3253 fas
216 3211 378 3253 armornm
403 3197 508 3268 etius
537 3191 673 3253 hostium
701 3185 778 3272 est),
808 3191 927 3253 bellum
954 3211 1026 3252 cum
1046 3191 1168 3272 populo

137 3325 279 3370 romano
308 3304 420 3367 vestris
452 3294 485 3365 se
514 3304 660 3366 manibus
687 3313 849 3384 gesturum
879 3301 1034 3366 Classicus
1064 3317 1169 3385 sperat

137 3419 376 3500 imperiumque
398 3430 428 3481 ct
455 3433 685 3482 sacramentnm
706 3419 880 3482 Galliarum
900 3430 1045 3482 ostentat.
1087 3418 1166 3482 adeo

137 3551 221 3608 nos,
249 3528 279 3592 si
303 3529 433 3591 fortuna
460 3530 497 3590 in
521 3552 669 3612 praesens
697 3531 861 3615 virtusque
888 3529 1044 3611 deseruit,
1074 3530 1166 3592 etiam

137 3655 251 3706 vetera
279 3642 425 3724 exempla
454 3640 623 3705 deficiunt?
673 3643 819 3726 quotiens
849 3664 999 3706 romanae
1030 3641 1169 3721 legiones

137 3759 251 3838 perire
273 3758 532 3840 praeoptaverint
553 3778 595 3819 ne
621 3759 691 3821 loco
716 3754 933 3839 pellerentur?
975 3756 1052 3820 socii
1078 3777 1171 3838 saepe

137 3871 248 3932 nostri
269 3868 413 3932 exscindi
442 3873 538 3934 urbes
569 3889 641 3932 suas
661 3889 758 3952 aeque
780 3889 854 3932 cum
874 3869 1058 3950 conjugibus
1077 3891 1113 3934 ac
1134 3871 1173 3930 li-

135 3985 230 4046 beris
256 3984 390 4048 mensori
414 3985 630 4066 pertulerunt,
660 4002 765 4067 neque
794 3979 881 4046 aliud
905 3982 1044 4064 pretium
1072 3983 1174 4045 exitiis

137 4119 241 4182 quam
271 4097 350 4162 fides
380 4099 537 4185 famaque.
586 4100 738 4163 Tolerant
769 4119 840 4162 cum
869 4099 1005 4162 maxime
1035 4099 1175 4182 inopiam

866 4223 886 4278 7
