2959 4875
485 394 549 463 ux
570 396 808 466 HISTORIIS
1113 402 1158 471 95

59 609 65 620 ·
127 596 258 640 rumore
279 596 299 636 a
319 571 473 636 Sarmatis
493 573 654 656 Dacisque
679 576 815 638 moesica
843 598 879 637 ac
907 578 1086 659 pannonica
1106 580 1156 641 hi-

126 694 229 753 berna
260 686 486 751 circumsideri.
546 688 637 769 paria
674 686 714 749 de
748 691 915 753 Britannia
946 694 1155 773 fingebantur.

126 804 190 867 Sed
213 803 295 865 nihil
316 822 417 885 aeque
437 822 534 883 quam
552 799 734 863 incendium
754 802 902 885 Capitolii
922 819 959 868 ut
978 806 1072 869 finem
1093 811 1156 873 im-

127 920 220 1002 perio
248 918 358 981 adesse
385 915 549 980 crederent
574 920 754 999 Impulerat.
797 934 919 1002 captam
941 923 1016 983 olim
1038 944 1057 982 a
1079 922 1156 984 Gal·

127 1037 167 1096 lis
188 1036 320 1110 urbem,
350 1031 406 1094 sed
432 1034 555 1113 integra
582 1034 669 1099 lovis
697 1035 772 1097 sede
800 1039 951 1099 mansisse
976 1037 1156 1118 Imperium.

129 1150 217 1210 fatali
235 1168 323 1207 nunc
344 1148 417 1224 igne
437 1147 561 1227 signum
582 1149 728 1213 coelestis
753 1152 820 1213 irae
849 1151 955 1213 danim
977 1164 1008 1215 et
1030 1174 1155 1234 posses-

130 1266 251 1327 sionem
270 1284 380 1325 rerum
401 1265 610 1327 humanarum
626 1267 828 1348 transalpinis
848 1269 990 1347 gentibus
1007 1267 1155 1349 portendi

130 1380 354 1464 superstitione
369 1399 453 1443 vana
471 1378 602 1442 druidae
620 1383 785 1443 canebant.
824 1384 1055 1466 incesseratque
1070 1384 1154 1445 lama

129 1496 285 1577 primores
309 1493 484 1556 Galliarum
505 1496 545 1555 ab
570 1491 697 1556 Othone
721 1494 874 1557 adversus
895 1496 1058 1557 Vitellium
1078 1498 1154 1556 mis·

130 1632 201 1686 sos,
232 1622 401 1691 antequam
422 1606 676 1687 digrederentur,
707 1610 862 1691 pepigisse
885 1631 927 1671 ne
951 1609 1095 1672 deessent
1114 1610 1154 1671 li-

130 1726 260 1802 bertati,
292 1724 322 1783 si
345 1723 500 1803 populum
524 1742 692 1784 romanum
717 1724 867 1785 continua
895 1724 1032 1787 civilium
1053 1724 1154 1787 bello-

129 1860 203 1901 rum
223 1836 320 1900 series
340 1848 370 1897 et
385 1837 513 1896 interna
532 1836 616 1896 mala
634 1835 808 1915 fregissent.

218 1954 301 2013 Ante
321 1952 424 2014 Flacci
446 1949 626 2013 Hordeonii
649 1950 776 2013 caedem
799 1952 879 2013 nihil
901 1954 1063 2034 prorupit,
1087 1976 1152 2037 quo
1167 1974 1240 2039 4‚55

131 2066 308 2146 conjuratio
326 2066 562 2144 intelligeretur.
602 2064 765 2125 interfecto
786 2063 972 2126 Hordeonio
1000 2085 1154 2127 commea-

131 2202 205 2245 vere
229 2181 335 2241 nundi
353 2179 436 2241 inter
460 2178 592 2239 Civilem
614 2176 849 2261 Classicumque
870 2179 1063 2258 praelectum
1087 2179 1155 2241 alae

132 2294 357 2356 Treverorum.
400 2290 554 2353 Classicus
581 2292 745 2352 nobilitate
769 2294 946 2375 opibusque
974 2306 1046 2355 ante
1066 2294 1156 2372 alios,

131 2412 253 2492 regium
272 2409 320 2471 illi
340 2427 438 2487 genus
462 2418 493 2467 et
519 2426 595 2488 pace
623 2407 769 2490 belloque
798 2410 882 2470 clara
908 2408 1006 2488 origo.
1046 2409 1115 2488 ipse
1137 2428 1155 2470 e

132 2525 305 2604 maioribus
329 2522 395 2583 suis
416 2519 517 2583 hostis
536 2521 649 2599 populi
672 2520 798 2580 romani
818 2541 913 2601 qnam
933 2520 1037 2581 socius
1060 2527 1157 2597 jacta·

133 2645 196 2706 bat.
238 2641 396 2702 MIscuere
417 2657 486 2698 sese
505 2635 607 2696 lulius
630 2635 735 2696 Tutor
755 2646 786 2696 et
805 2633 907 2696 Julius
927 2634 1079 2714 Sabinus,
1104 2637 1157 2696 hic

135 2755 264 2829 Trevir‚
294 2753 347 2814 hic
372 2749 547 2829 Lingonus.
596 2747 700 2808 Tutor
727 2747 816 2828 ripae
844 2747 949 2809 Rheni
979 2770 997 2809 a
1026 2748 1156 2810 Vitellio

134 2870 327 2952 praefectus:
353 2865 490 2927 Sabinus
512 2884 608 2944 super
626 2863 752 2924 insitam
774 2863 942 2926 vanitatem
964 2865 1061 2924 salsae
1086 2864 1157 2924 stir-

133 2985 182 3066 pis
206 2984 307 3063 gloria
327 2979 572 3056 incendebatur,
599 2981 762 3062 proaviam
787 3000 874 3042 suam
899 2979 972 3042 divo
992 2979 1077 3041 lulio
1098 3001 1158 3061 per

134 3099 253 3160 Gallias
279 3095 409 3158 bellanti
436 3115 569 3175 corpore
597 3107 692 3178 atque
721 3094 875 3157 adulterio
899 3099 1065 3175 placuisse.
1114 3096 1158 3156 Hi

133 3212 260 3275 secretis
275 3209 473 3272 sermonibus
491 3209 612 3270 animos
628 3221 804 3271 ceterorum
821 3210 963 3271 scrutari.
1006 3210 1061 3272 ubi
1077 3229 1157 3292 quos

132 3327 267 3390 idoneos
302 3326 454 3386 rebantur
488 3325 677 3387 conscientia
711 3325 926 3402 obsniuxere,
963 3324 997 3386 in
1033 3311 1165 3389 colonia

134 3441 347 3523 agrippinensi
362 3441 398 3501 in
416 3439 546 3504 domum
567 3444 721 3524 privatam
740 3443 943 3506 conveniunt.
987 3465 1059 3504 nam
1075 3446 1158 3524 pub-

133 3558 193 3619 lice
216 3556 323 3617 civitas
346 3554 468 3616 'talibus
496 3555 627 3635 inceptis
656 3558 858 3618 abhorrebat.
901 3567 1036 3616 attamen
1059 3556 1158 3614 inter·

132 3671 226 3732 fuere
260 3669 387 3753 quidam
419 3668 575 3729 Ubiorum
606 3657 887 3751 Tungrorumque.
935 3668 991 3730 sed
1023 3668 1159 3748 plurima

132 3784 184 3847 ris
204 3805 301 3865 penes
315 3784 472 3845 Treveros
494 3802 530 3841 ac
549 3779 719 3860 Lingonas.
761 3780 828 3842 Nec
845 3782 945 3842 tulere
961 3797 1065 3842 moras
1083 3799 1159 3842 con·

132 3898 284 3963 sultandi.
336 3900 475 3962 certatim
503 3897 698 3980 proclamant
729 3895 835 3956 [urere
864 3893 1026 3958 discordiis
1055 3915 1159 3976 popu·

131 4017 202 4076 lum
223 4015 408 4090 romanum',
440 4034 543 4076 caesas
563 4014 718 4092 legiones,
751 4021 901 4072 vastatam
921 4011 1060 4087 Italiam,
1074 4005 1077 4010 ’
1089 4009 1160 4091 capi

134 4151 210 4193 cum
231 4130 365 4192 maxime
386 4130 507 4206 urbem,
524 4150 633 4192 omnes
654 4127 810 4192 exercitus
829 4124 893 4189 suis
911 4147 1069 4212 quemque
1091 4125 1159 4188 bel-
