2959 4875
354 375 416 439 lte
701 370 760 437 Ex
788 368 1020 439 HISTORIIS

351 565 403 606 sne
441 545 548 605 lintres
584 563 708 617 vexere.
763 542 813 607 Ne
846 556 914 609 tum
947 543 1074 629 quidem
1107 566 1238 611 romam
1272 551 1378 615 elassis

353 680 474 741 pugnae
502 658 608 737 affuit,
640 668 674 719 ut
698 661 819 734 juemm
840 670 922 736 erat,
950 657 1005 721 ned
1033 658 1153 722 obstitit
1176 660 1322 724 formido
1336 676 1395 722 aet·

352 774 483 855 remiget
506 795 565 856 per
587 772 646 835 alie
667 770 795 833 militiae
818 771 927 834 munia
946 769 1089 853 dieperei.
1138 770 1221 835 Saue
1243 772 1379 837 Cerialis

353 906 464 969 parum
488 886 641 967 temporie
664 881 704 947 ad
727 881 928 967 exsequenda
952 883 1084 967 imperia
1111 883 1221 964 dabat,
1251 888 1378 950 cubitus

353 1001 507 1080 coneiliie,
538 997 594 1063 eod
615 1009 730 1063 euentu
756 1003 869 1064 clarue.
910 997 1019 1063 aderat
1046 1001 1173 1063 fortuna
1201 1000 1297 1065 etiam
1323 1005 1377 1066 ubi

355 1130 435 1179 artes
456 1114 638 1178 defuissent.
658 1115 755 1177 ‘ltine
774 1114 835 1196 ipsi
856 1112 1069 1197 exercituique
1088 1114 1193 1177 minor
1214 1136 1292 1178 cura
1315 1115 1376 1180 dic·

355 1228 496 1310 ciplinae.
556 1243 587 1289 et
619 1235 735 1309 paueoe
765 1238 838 1309 port
870 1223 955 1303 dies,
988 1246 1169 1311 quanquam
1198 1228 1376 1311 periculum

355 1344 541 1426 captivitatis
563 1341 724 1418 evaeieeet,
747 1341 907 1405 infamiam
929 1360 994 1403 non
1015 1342 1133 1407 vitavit.

271 1472 341 1538 5,ὓὶ
438 1457 603 1519 Profectus
623 1455 797 1519 Noveeium
816 1456 1024 1539 Bonnamque
1052 1452 1091 1517 ad
1118 1452 1248 1520 visenda
1273 1466 1375 1519 caetra

355 1592 435 1653 quae
457 1570 639 1634 hiematuris
666 1571 841 1653 legionibus
869 1572 1069 1651 erigebantur
1092 1570 1225 1635 navibus
1254 1590 1375 1632 remea-

355 1690 410 1751 bat
430 1686 556 1768 disjecto
578 1688 717 1768 agmine,
738 1686 911 1750 incurIoeie
936 1687 1062 1768 vigiliis.
1112 1685 1373 1751 Animadversum

355 1798 387 1860 id
410 1799 592 1878 Germania,
622 1812 654 1861 et
678 1797 1050 1881 ineidiaacompoeuere.
1093 1803 1189 1864 electa
1218 1820 1284 1863 nox
1307 1814 1376 1863 atra
1422 1797 1424 1878 ζ

354 1914 493 1978 nubibus
500 1958 510 1993 ,
540 1926 571 1976 et
590 1934 694 1997 prono
718 1935 810 1979 amne
831 1918 916 1997 rapti
938 1917 1026 1979 nullo
1046 1916 1234 1997 prohibente
1254 1916 1375 1979 vallum
1418 1969 1426 1980 .,

354 2030 476 2092 ineunt.
516 2029 620 2112 prima
641 2025 750 2091 caedes
778 2042 846 2091 astu
874 2026 997 2107 adjuta:
1026 2027 1131 2090 incieie
1155 2028 1375 2090 tabernaculo·
1427 2066 1428 2101 ³

354 2145 426 2205 r'um
460 2142 592 2206 funibus
625 2141 753 2205 suumn
789 2141 930 2205 tentoriis
963 2150 1128 2224 coopertos
1166 2139 1376 2205 trucidabant.
1429 2203 1430 2215 ,

355 2254 441 2318 aliud
470 2276 579 2335 agmen
605 2260 734 2320 turbare
764 2255 908 2335 cluerent,
936 2253 1064 2334 injicere¹
1092 2256 1213 2333 vincla,
1246 2256 1374 2317 trabere
1430 2276 1431 2303 ³

355 2390 487 2452 puppes.
528 2380 628 2454 utque
649 2368 688 2432 ad
709 2369 883 2433 fallendum
906 2369 1048 2450 cilentio,
1074 2370 1119 2433 ita
1137 2382 1246 2453 coepta
1269 2370 1374 2448 caede,
1432 2412 1433 2421 η

356 2503 421 2566 quo
449 2485 522 2566 plue
549 2484 680 2548 terroris
708 2481 876 2562 adderent,
910 2496 1021 2548 cuncta
1049 2485 1236 2548 clamoribue
1263 2484 1375 2546 miece-

354 2601 440 2661 bant.
481 2598 618 2662 Romani
638 2601 823 2664 vulneribus
846 2599 938 2664 exciti
958 2609 1114 2684 quaerunt
1141 2619 1244 2678 arma,
1276 2611 1374 2660 rtrum

354 2734 413 2794 per
425 2710 492 2778 uiae
501 2751 514 2791 ,-
529 2713 622 2796 pauci
634 2721 757 2778 'ornatu
776 2714 920 2794 militari,
941 2715 1084 2800 plerique
1109 2715 1224 2778 circum
1238 2713 1375 2778 *brachia

354 2840 438 2892 torta
458 2840 544 2894 vente
565 2842 597 2891 et
619 2829 732 2892 euictie
754 2829 967 2893 mucronibus.
1016 2826 1083 2891 dun¹
1109 2828 1315 2890 semisomnue
1339 2847 1375 2890 ac

354 2959 455 3023 prope
476 2941 610 3003 intectus
632 2961 741 3003 errore
764 2940 903 3004 boetium
923 2953 1074 3004 servatur.
1098 2971 1101 2980 ·
1121 2961 1259 3024 namque
1279 2960 1375 3021 prae-

355 3053 468 3114 toriam
489 3073 601 3116 navem
626 3052 744 3118 vexillo
766 3053 941 3135 insignem,
965 3053 1030 3118 illic
1049 3051 1160 3117 ducem
1179 3055 1257 3130 rati,
1288 3053 1375 3116 abri-

354 3167 456 3248 piunt.
499 3166 628 3230 Cerialia
650 3167 725 3230 alibi
747 3181 872 3232 noctem
900 3179 1022 3250 egerat,
1052 3177 1089 3230 ut
1107 3166 1250 3250 plerique
1273 3164 1374 3230 credi-

354 3277 444 3356 dere,
467 3281 509 3343 ob
530 3293 675 3362 stuprum
694 3280 846 3344 Claudiae
866 3279 1025 3357 Sabratae,
1045 3280 1184 3344 mulieris
1207 3279 1328 3358 ubine,
1344 3289 1375 3340 et

354 3391 461 3474 vigiles
481 3392 632 3473 flagitium
652 3415 744 3458 enum
775 3393 862 3458 ducie
888 3392 1041 3458 dedecore
1070 3397 1275 3474 exeuaabant,
1303 3406 1374 3457 tnn-

355 3527 450 3591 quam
473 3506 550 3586 jumi
569 3507 662 3569 silere
682 3506 885 3590 requietem
910 3509 977 3586 ejun
997 3509 1178 3572 turbarent:
1206 3508 1250 3570 ita
1274 3507 1375 3568 inter·

355 3625 451 3688 misso
478 3624 567 3706 cigno
595 3635 625 3686 et
653 3622 785 3687 vecibus
811 3643 844 3688 ee
874 3637 1001 3708 quoque
1027 3626 1062 3689 in
1090 3637 1236 3688 somnum
1258 3623 1375 3703 lapsos.

354 3741 457 3802 Multa
483 3742 553 3804 luce
582 3739 700 3803 revecti
726 3741 833 3805 hortea
860 3739 991 3824 captivit
1020 3740 1155 3804 navibus
1182 3737 1373 3821 praetoriam

354 3851 513 3914 triremem
535 3850 663 3916 flumine
682 3852 788 3936 Lupia
811 3849 931 3916 donum
952 3850 1090 3917 Veledae
1109 3863 1244 3916 traxere.

268 3981 339 4043 {aad
440 3966 571 4032 Cirilent
599 3965 713 4048 cupido
743 3966 867 4030 incessit
890 3967 1031 4030 navalem
1059 3964 1157 4028 eciem
1185 3962 1371 4030 ostentandi.

356 4084 488 4162 complet
517 4079 603 4163 qnod
632 4079 798 4144 biremium
829 4101 973 4164 quaeque
999 4079 1131 4161 simplici
1161 4077 1269 4146 ordine
1301 4099 1372 4158 age·
