2959 4875
502 420 568 498 EX
588 426 826 500 HISTORIIS
1129 434 1172 501 st

142 603 197 666 liis
220 604 395 683 Gallorum,
416 605 474 689 qui
493 607 597 688 primo
616 626 686 671 rem
705 628 869 673 romanam
891 605 982 673 enixe
1003 606 1168 687 juvabant:

140 740 223 784 mox
249 706 480 782 valescentibus
508 706 674 785 Germanis
694 723 865 807 pleraeque
892 722 1029 786 civitates
1056 720 1168 787 adver-

141 853 217 894 sum
238 852 298 895 nos
322 817 439 895 armari
460 854 515 916 spe
534 835 697 914 libertatis,
720 836 801 898 etsi
824 836 985 900 exuissent
1005 835 1167 900 sertitium

142 944 294 1027 cupidine
314 933 528 1027 imperitandi.
566 947 726 1009 Gliscebat
742 947 905 1012 iracundia
920 949 1088 1029 legionum,
1108 968 1167 1013 nec

139 1072 299 1123 terrorem
327 1044 424 1123 unius
451 1046 559 1124 militis
585 1045 713 1128 uincula
738 1062 930 1127 indiderant.
967 1062 1060 1147 ·quin
1080 1060 1165 1125 idem

139 1171 198 1237 ille
217 1178 368 1255 arguebat
387 1179 471 1239 ultro
493 1176 715 1241 conscientiam
729 1176 841 1257 ducis,
862 1191 1014 1261 tanquam
1035 1176 1165 1239 nuntius

141 1290 227 1352 inter
254 1290 386 1353 Civilem
413 1291 624 1375 Flaccumque
653 1293 734 1355 falso
756 1292 886 1355 crimine
910 1292 995 1355 testis
1016 1292 1085 1354 veri
1106 1310 1165 1370 op·

140 1407 344 1488 primeretur.
388 1404 577 1471 Conscendit
600 1395 740 1471 tribunal
765 1409 888 1471 Vocula
913 1408 993 1469 mira
1019 1416 1165 1468 constan·

141 1521 188 1581 tia
210 1522 465 1604 prehensumque
492 1522 622 1586 militem
644 1544 680 1585 ac
702 1524 928 1586 vociferantem
950 1519 1022 1583 duci
1045 1520 1165 1601 suppli-

139 1638 225 1700 cium
244 1638 347 1715 jussit.
390 1650 421 1701 et
442 1637 518 1701 dum
539 1640 615 1701 mali
635 1652 763 1721 pavent,
785 1640 922 1722 optimus
944 1639 1076 1721 quisque
1098 1640 1163 1715 jus·

138 1752 184 1813 sis
207 1773 352 1834 paruere.
393 1754 480 1815 Exin
507 1774 662 1819 consensu
691 1754 803 1819 ducem
826 1754 981 1818 Voculam
1006 1750 1164 1834 poscenti·

140 1870 201 1931 bus
220 1868 351 1931 Flaccus
372 1853 525 1931 summam
545 1890 654 1933 rerum
674 1868 704 1932 ei
724 1867 877 1973 permisit.

132 2006 138 2013 ·
230 1980 294 2043 Sed
315 1980 473 2046 discordes
493 1981 616 2044 animos
636 1983 736 2043 multa
758 1982 948 2057 efferebant,
978 1979 1087 2059 inopia
1108 1974 1162 2038 sti·
1176 1984 1202 2049 4,
1210 1984 1246 2036 26

131 2093 253 2177 pendii
270 2097 499 2207 frumentique,
531 2086 570 2160 et3
588 2098 682 2160 simul
708 2093 863 2160 delectum
884 2078 1064 2175 tributaque
1088 2091 1162 2153 Gal-

135 2210 199 2271 liae
227 2225 448 2321 aspernantes,
479 2199 612 2273 Rhenus
639 2205 799 2292 incognita
827 2196 895 2271 illi
905 2209 993 2271 coelo
1023 2206 1161 2311 siccitate

136 2325 196 2390 uix
217 2316 346 2389 narium
365 2326 498 2433 patiens,
519 2327 580 2389 arti
599 2332 801 2431 commeatus,
823 2306 1007 2410 dispositae
1012 2306 1073 2407 per
1092 2346 1161 2388 om·

135 2463 211 2504 nem
242 2443 346 2525 ripam
376 2441 543 2522 stationes,
578 2462 659 2526 quae
688 2442 864 2506 Germanos
893 2440 977 2504 vado
1007 2443 1160 2550 arcerent,

137 2555 313 2639 eademque
342 2555 382 2619 de
411 2577 504 2620 causa
531 2556 637 2616 minus
666 2557 793 2634 frttgum
821 2567 851 2617 et
873 2556 990 2656 plures
1006 2545 1061 2637 qui
1083 2571 1159 2616 con·

135 2679 309 2733 sumerent.
363 2667 459 2752 Apud
487 2667 649 2749 imperitos
680 2664 817 2749 prodigii
846 2668 917 2728 loco
948 2649 1159 2746 accipiebatur

134 2783 203 2865 ipsa
226 2803 382 2866 aquatum
407 2781 559 2864 penuria,
589 2793 739 2862 tanquam
761 2799 821 2842 nos
843 2797 950 2841 amnes
979 2787 1159 2861 quoquest

134 2910 244 2962 uetera
275 2896 401 2980 imperii
430 2881 626 2958 munimenta
653 2895 845 2960 desererent.
901 2892 987 2976 quod
1014 2892 1049 2953 in
1080 2909 1157 2973 pace

134 3015 201 3076 fors
222 3034 280 3075 seu
306 3025 435 3090 natura,
464 3024 540 3074 tunc
562 3012 661 3075 fatum
686 3024 718 3074 et
737 3012 787 3074 ira
809 3009 860 3074 dei
878 3011 1061 3072 uocabatur.
1104 3009 1158 3070 In-

134 3125 248 3206 gressis
269 3125 444 3190 Novesium
466 3137 555 3186 sexta
578 3123 709 3188 decuma
729 3125 811 3203 legio
841 3125 1050 3202 conjungitur.
1102 3120 1157 3182 ad·

134 3236 218 3300 dnus
240 3239 383 3300 Voculae
404 3239 437 3298 in
459 3249 581 3319 partem
604 3256 752 3298 curarum
777 3235 957 3296 Herennius
980 3235 1088 3297 Gallus
1111 3237 1157 3296 le-

134 3363 241 3429 gatus3
275 3371 333 3412 nec
364 3351 432 3412 ausi
460 3349 501 3412 ad
528 3352 652 3412 hostem
680 3368 811 3430 pergere
838 3349 910 3412 loco
940 3349 992 3411 cui
1012 3347 1157 3411 Gelduba

133 3484 250 3525 nomen
274 3478 321 3527 est
343 3477 442 3528 castra
462 3465 576 3525 fecere.
618 3460 668 3525 Ibi
695 3460 845 3524 smuenda
870 3460 954 3541 acic,
983 3459 1156 3525 muniendo

131 3578 344 3662 vallandoque
365 3592 397 3642 et
418 3581 527 3643 ceteris
552 3569 628 3642 belli
650 3576 880 3641 meditamentis
901 3578 1031 3641 militem
1050 3575 1156 3636 firma·

17 3716 18 3759 t
130 3698 217 3758 bant.
262 3707 361 3778 utque
379 3693 555 3777 praedalad
575 3681 723 3760 uirtutem
745 3692 976 3768 accenderetur,
996 3691 1029 3751 in
1047 3687 1156 3773 proxi·

128 3828 200 3870 mos
221 3808 447 3888 Gugernorum
474 3829 570 3891 pagos
601 3808 657 3890 qui
684 3808 862 3870 societatem
889 3793 1000 3869 ¹Civilis
1030 3825 1157 3887 accepe-

128 3935 204 3983 rant
240 3921 355 3984 ductus
384 3922 527 3985 Voculae
563 3918 729 3983 exercitus.
784 3938 858 4000 pars
892 3938 963 3980 cum
993 3915 1155 3980 Herennio

127 4036 223 4097 Gallo
246 4036 428 4117 permansit.

214 4139 312 4211 Forte
336 4169 449 4212 narem
471 4145 557 4211 hacid
581 4147 693 4229 procul
715 4146 823 4210 castris
844 4146 1001 4210 frumento
1022 4167 1155 4228 marem,
1172 4165 1240 4229 ιιι
