2959 4875
469 442 534 511 ax
551 442 795 552 merosus
1101 452 1142 520 ει

126 630 283 701 potestate.
331 617 532 683 manentibus
559 620 716 683 honorata
743 619 870 699 militia,
899 618 1143 704 digredientibus

124 735 217 816 spolia
241 734 459 797 Romanorum
487 731 714 797 offerebantur.
754 733 848 797 simul
876 736 1001 800 secretis
1022 758 1141 801 sermo-

124 850 210 910 nibus
236 845 426 909 admonebat
446 846 601 909 malorum
629 853 711 931 quae
735 860 786 911 tot
807 851 897 913 annis
919 851 1059 934 perpessi
1080 853 1139 913 mi·

124 984 218 1027 seram
240 960 421 1025 servitutem
440 961 522 1025 falso
542 984 652 1044 pacem
670 978 833 1028 vocarent.
873 968 1018 1031 ‘Batavos
1037 988 1139 1051 quan·

22 1085 23 1088 ’
121 1102 214 1165 quam
232 1080 426 1143 tributorum
451 1091 596 1160 expertes
624 1099 712 1141 anna
739 1093 851 1143 contra
878 1102 1058 1146 communes
1080 1081 1138 1145 do·

122 1196 219 1280 minos
239 1194 368 1276 cepisse.
408 1194 511 1275 prima
530 1193 598 1257 acie
617 1195 723 1257 fusum
746 1196 926 1279 rictumque
948 1197 1138 1260 Romanum.

123 1308 193 1392 quid
213 1308 243 1371 si
263 1308 384 1371 Galliae
411 1311 519 1389 jugum
539 1306 687 1376 {exuenti
718 1323 873 1394 quantum
893 1311 929 1373 in
949 1312 1040 1375 Italia
1065 1313 1138 1375 reli·

122 1419 240 1507 quum?
259 1420 495 1505 provinciarum
510 1427 662 1504 sanguine
670 1424 855 1507 'prouincias
870 1425 964 1489 vinci.
1001 1450 1042 1491 ne
1058 1429 1139 1491 Vin-

122 1537 192 1601 dicis
216 1538 316 1599 aciem
343 1536 534 1617 cogitarent:
563 1540 678 1601 batavo
705 1540 811 1622 equite
836 1540 989 1620 protritos
1010 1540 1139 1604 Aeduos

119 1654 358 1734 Arvernosque:
378 1651 476 1713 fuisse
496 1652 579 1712 inter
596 1651 740 1730 Verginii
760 1652 879 1714 auxilia
898 1652 1026 1733 Belgas3
1046 1674 1139 1718 vere·

120 1787 178 1848 que
212 1764 433 1849 reputaptibus
465 1762 600 1825 Galliam
636 1761 766 1825 suismet
800 1765 922 1832 viribus
960 1764 1140 1831 concidisse.

117 1902 200 1943 nuuc
229 1878 354 1942 easdem
382 1877 525 1941 omnium
549 1881 671 1958 partes,
703 1875 810 1941 addito
839 1882 867 1941 si
893 1878 970 1963 quid
997 1880 1139 1944 militaris

117 1993 300 2075 disciplinae
319 1993 352 2055 in
372 1991 482 2056 castris
503 1992 720 2054 Romanorum
749 1993 892 2071 viguerit.
946 2014 1012 2056 esse
1033 2014 1139 2056 secum

115 2122 280 2172 veteranas
300 2108 462 2185 cobortes,
482 2104 600 2189 quibus
623 2090 728 2185 nuper
749 2102 884 2168 Othonis
903 2106 1042 2186 legiones
1062 2127 1139 2188 pro·

115 2223 291 2285 rubuerint.
339 2220 493 2291 servirent
521 2218 616 2283 Suria
646 2218 785 2303 Asiaque
816 2232 848 2283 et
876 2234 982 2285 suetus
1011 2222 1138 2303 regibus

115 2336 250 2404 Oriens:
272 2336 390 2399 multos
410 2333 512 2399 adbuc
534 2334 569 2396 in
594 2335 696 2398 Gallia
716 2334 825 2399 virere
847 2349 920 2399 ante
940 2338 1061 2399 tributa
1082 2360 1137 2419 ge·

112 2455 205 2516 nitos.
246 2473 351 2534 nuper
371 2463 454 2514 certe
473 2449 564 2514 tacco
588 2449 744 2528 Quintilio
764 2452 853 2514 Varo
873 2453 998 2533 pulsam
1020 2455 1134 2517 eGer·

112 2571 218 2632 mania
237 2568 429 2647 servitutem,
450 2588 509 2630 nec
524 2569 689 2630 Vitellium
704 2567 881 2649 principem
900 2566 955 2629 sed
977 2589 1132 2631 caesarem

112 2696 278 2763 augustum
306 2683 391 2744 bello
420 2693 638 2762 provocatum.
688 2682 867 2743 libertatem
897 2693 1010 2742 natura
1040 2683 1132 2744 etiam

111 2796 205 2858 mutis
235 2794 421 2856 animalibus
447 2791 568 2868 datam,
597 2792 746 2858 viruitem
772 2791 939 2874 proprium
967 2794 1134 2856 hominum

109 2910 242 2970 bonum.
291 2902 368 2970 de'os
398 2907 584 2971 fortioribus
614 2905 733 2970 adesse.
790 2907 925 2990 proinde
958 2911 1135 2991 arriperent

108 3025 204 3089 vacui
226 3035 410 3104 occupatos,
438 3023 554 3103 integri
574 3024 683 3086 fessos.
724 3021 801 3084 dum
821 3023 875 3083 alii
895 3023 1133 3104 Vespasianum,

109 3141 166 3202 alii
176 3139 344 3202 Vitellium
357 3139 504 3216 foveant,
524 3150 633 3219 patere
650 3140 755 3198 locum
776 3134 924 3200 adversus
944 3139 1133 3219 utrumque!

197 3251 250 3314 sic
271 3253 308 3312 in
331 3251 449 3313 Gallias
469 3250 717 3333 Germaniasque
737 3249 895 3327 intentus,
923 3250 950 3310 si
977 3249 1130 3314 destinata
1144 3267 1217 3330 42¹⁸

104 3366 345 3450 provenissent,
373 3365 633 3431 validissimarum
660 3365 944 3449 ditissimarumque
964 3368 1128 3431 nationum

104 3502 208 3562 regno
227 3479 423 3544 imminebat.
464 3482 508 3544 At
529 3481 659 3546 Flaccus
679 3480 883 3546 Hordeonius
903 3483 1021 3564 primos
1044 3483 1130 3547 Civi-

103 3595 144 3656 lis
178 3605 310 3656 conatus
336 3614 397 3674 per
424 3591 703 3658 dissimulationem
731 3597 818 3658 aluit.
867 3595 933 3659 Ubi
955 3608 1131 3676 expugnata

105 3719 221 3784 castra,
243 3704 361 3769 deletas
383 3708 537 3783 cohortes,
556 3708 683 3788 pulsum
698 3707 890 3770 Batavorum
905 3708 1008 3769 insula
1026 3725 1131 3767 roma-

100 3844 188 3884 num
208 3843 328 3886 nomen
347 3821 467 3904 trepidi
485 3824 589 3885 nuntii
609 3822 801 3898 afferebant,
830 3819 987 3882 Mumium
1007 3817 1131 3901 Luper-

100 3959 182 3999 cum
208 3940 346 4017 legatum
377 3933 419 4019 (is
449 3934 585 3998 duarum
613 3937 773 4014 legionum
802 3933 941 3995 hibernis
973 3911 1131 4017 praeerat)

99 4049 216 4130 egredi
242 4049 396 4112 adversus
420 4052 543 4114 bostem
570 4052 668 4128 jubet.
709 4049 874 4132 Lupercus
900 4047 1088 4128 legionarios
1113 4072 1131 4111 e
1244 4115 1248 4122 ,

97 4165 337 4244 praesentibus,
352 4164 453 4228 Ubios
468 4186 487 4227 e
502 4167 664 4248 proximis,
680 4166 893 4229 Treverorum
910 4166 1029 4247 equites
1046 4163 1132 4226 haud

852 4284 870 4338 6
