2959 4875
341 403 363 468 6
729 397 964 468 onuMles

344 580 435 640 elsam
465 577 498 639 in
527 578 668 640 surculos
710 588 887 657 anrputant,
922 595 1037 657 eosque
1066 572 1149 638 notis
1176 571 1368 655 quibusdam

343 689 490 755 discretos
519 711 614 772 super
643 688 807 752 candidam
840 701 973 764 vestem,
1006 701 1123 750 temere
1156 709 1192 749 ac
1222 687 1368 764 fortuito,
1449 749 1451 776 ἱ

344 817 502 887 spargunt.
544 826 629 881 mox,
651 805 678 866 si
701 805 827 885 publice
848 804 1038 880 consuletur,
1061 801 1206 865 sacerdos
1223 803 1368 881 ciuitatis,
1449 820 1450 823 ’

345 923 394 984 sin
415 923 579 1004 privatim,
607 922 673 1002 ipse
695 933 786 1002 pater
807 919 944 982 familiae
966 931 1109 999 precatus
1132 917 1206 980 deos
1225 921 1369 979 coelum-

345 1056 406 1118 que
437 1036 608 1115 suspiciens
641 1049 689 1096 ter
719 1033 858 1113 singulos
892 1033 990 1109 tollit,
1021 1033 1160 1093 sublatos
1191 1031 1368 1094 secundum
1449 1046 1450 1063 ¹

344 1148 525 1230 impressam
556 1162 627 1210 aute
653 1161 762 1212 notam
790 1149 1025 1228 interpretatur.
1068 1148 1095 1210 si
1124 1149 1369 1229 prohibuerunt,

345 1266 431 1326 nulln
461 1262 500 1326 de
532 1263 639 1326 cadem
669 1285 704 1325 rc
734 1263 770 1324 in
800 1262 934 1326 eundem
967 1261 1049 1324 diem
1082 1261 1284 1340 consultati03
1316 1263 1368 1324 sin

345 1380 547 1461 permissum,
577 1379 790 1459 auspiciorum
819 1377 922 1441 adhuc
943 1376 1019 1440 fides
1042 1378 1188 1457 exigitur.
1229 1376 1270 1436 Et
1288 1375 1370 1438 illud
1450 1410 1451 1417 κ

347 1493 474 1578 quidem
504 1496 596 1556 etiam
624 1496 674 1556 hic
703 1507 830 1572 notum,
862 1492 967 1557 avium
993 1513 1084 1557 voces
1106 1493 1295 1574 volatusque
1318 1494 1371 1553 in·

347 1621 516 1690 terrogare.
567 1609 736 1690 Proprium
758 1611 858 1690 gentis
880 1630 1036 1692 equorum
1059 1628 1187 1692 quoque
1207 1609 1371 1689 praesagia

348 1745 382 1784 ac
404 1723 542 1784 monitus
564 1724 710 1803 experiri.
759 1724 884 1804 publice
906 1726 1035 1785 aluntur
1054 1721 1164 1784 iisdem
1185 1722 1369 1785 nemoribus

349 1861 383 1899 ac
410 1839 487 1900 lucis
511 1835 635 1900 candidi
663 1849 694 1900 et
720 1839 810 1900 nullo
839 1839 963 1900 mortali
991 1859 1087 1920 opero
1110 1839 1260 1918 contacti,
1287 1860 1370 1922 quos

346 1972 471 2033 pressos
500 1971 588 2013 sacro
623 1971 718 2014 curru
747 1949 891 2013 sacerdos
915 1971 951 2013 ac
972 1972 1031 2014 rex
1052 1954 1104 2017 vel
1125 1955 1271 2034 princeps
1293 1953 1371 2015 civi·
1451 2018 1452 2021 ,

347 2067 417 2128 tatis
455 2067 661 2144 comitantur,
700 2064 905 2146 hinnitusque
940 2085 975 2126 ac
1013 2066 1156 2128 fremitus
1191 2068 1372 2130 observant.

349 2203 407 2244 nec
438 2183 493 2244 ulli
523 2180 662 2261 auspicio
686 2185 786 2257 major
813 2177 891 2242 fides
915 2199 979 2242 non
1000 2181 1102 2243 solum
1125 2177 1209 2260 apud
1233 2182 1371 2261 plebem,

349 2297 433 2376 apud
452 2315 608 2377 proceres,
630 2294 715 2375 apud
731 2293 927 2359 sacerdotes:
951 2315 985 2356 se
1009 2296 1092 2357 enim
1111 2296 1272 2358 ministros
1293 2293 1373 2358 deo-

279 2483 284 2497 Ι
349 2428 439 2484 rum,
468 2409 543 2485 illos¹
567 2409 706 2471 conscios
734 2419 855 2489 putant.
897 2409 954 2471 Est
979 2422 1010 2470 et
1031 2410 1091 2472 alia
1114 2409 1291 2475 observatio
1313 2433 1374 2473 au-

349 2525 535 2607 spiciorum,
570 2544 633 2605 qun
667 2523 810 2602 gravium
840 2523 998 2584 bellorum
1031 2535 1160 2587 eventus
1193 2526 1376 2607 explorant.
1452 2601 1453 2608 ἵ

350 2646 415 2715 ejus
448 2639 567 2718 gentis,
602 2659 672 2701 cum
704 2658 767 2720 qua
795 2638 913 2700 bellum
947 2650 1011 2714 est,
1044 2639 1201 2720 captivum
1237 2659 1372 2723 quoquo

350 2750 445 2815 ntodo
466 2752 671 2835 interceptum
693 2774 764 2815 cum
794 2754 892 2816 electo
912 2754 1113 2835 popularium
1136 2774 1283 2835 suorum,
1313 2778 1374 2837 pa·

349 2868 415 2931 triis
436 2890 591 2952 quemque
613 2868 723 2944 armis',
745 2869 960 2931 committunt:
990 2868 1121 2931 victoria
1142 2870 1236 2946 liujus
1259 2870 1312 2935 vel
1332 2870 1374 2930 il-

349 2984 409 3045 lius
431 3004 490 3063 pro
516 2982 705 3063 praejudicio
728 2983 887 3063 accipitur.

302 3104 333 3155 tt
435 3094 485 3155 De
506 3095 681 3159 minoribus
702 3096 798 3156 rebus
819 3093 977 3177 principes
998 3097 1191 3175 consultant,
1213 3092 1252 3157 de
1272 3098 1376 3173 majo·

349 3208 437 3272 ribus
462 3230 580 3272 omncs.
623 3212 666 3273 ita
687 3225 809 3287 tamen,
831 3223 925 3272 ntea
946 3231 1089 3293 quoque,
1111 3230 1249 3293 quorum
1272 3232 1374 3291 penes

350 3322 475 3400 plebem
512 3324 674 3386 arbitrium
714 3337 778 3400 cst,
821 3325 905 3405 apud
938 3324 1096 3405 principes
1132 3338 1376 3406 pertractentur.

351 3431 492 3513 Coeunt,
523 3434 584 3497 nisi
611 3436 687 3517 quid
715 3436 880 3499 fortuitum
907 3449 938 3499 et
957 3440 1102 3510 subitum
1125 3438 1250 3518 incidit,
1280 3442 1376 3504 certis

351 3544 478 3623 diebus,
511 3570 608 3631 quum
634 3564 687 3613 aut
714 3553 881 3615 inchoatur
909 3554 987 3615 luna
1016 3566 1070 3616 aut
1099 3554 1266 3637 impletur:
1296 3576 1376 3619 nam

350 3660 475 3741 agendis
493 3664 588 3724 robus
606 3664 666 3727 hoc
685 3667 964 3747 auspicatissimum
979 3668 1103 3731 initium
1117 3668 1261 3731 credunt.
1302 3668 1376 3732 Nec

350 3773 471 3837 dierum
494 3798 677 3855 numerum,
699 3792 735 3842 ut
756 3803 831 3861 uos,
853 3782 908 3845 sed
930 3785 1069 3847 noctium
1092 3796 1294 3864 computant3
1327 3786 1376 3847 sic

350 3892 560 3971 constituunt,
591 3896 634 3957 sic
664 3897 849 3960 condicunt:
881 3919 947 3960 nox
980 3897 1093 3957 ducere
1121 3895 1203 3957 diem
1235 3897 1376 3961 videtur.

349 3999 430 4061 lllud
453 4022 494 4063 ex
517 4006 659 4070 libertate
687 4011 813 4086 vitium,
841 4008 924 4091 quod
950 4030 1015 4069 non
1041 4010 1134 4071 simul
1158 4032 1216 4073 nec
1237 4024 1272 4073 ut
1294 4017 1377 4091 jussi

350 4117 557 4193 conveniunt,
598 4122 653 4183 sed
687 4136 717 4184 et
752 4124 832 4183 altsr
865 4132 897 4183 et
930 4120 1039 4183 tertius
1074 4122 1140 4187 dies
1174 4128 1374 4191 cunctatione
