2959 4875
318 410 364 479 oe
667 407 731 479 ΒΧ
753 406 988 477 HISTORIIS

322 600 420 664 quum
444 600 503 663 per
523 578 604 645 vada
621 580 789 659 haesisset,
814 580 966 643 Germani
984 580 1019 643 in
1042 599 1134 643 suam
1154 577 1258 662 ripam
1278 590 1347 643 tra-

320 695 450 759 hebant.
491 691 568 757 Non
595 694 668 757 tulit
695 694 806 758 Gallus
832 694 979 778 misitque
1007 692 1148 757 subsidio
1170 694 1347 760 cohortem.

322 819 432 871 auctus
453 819 485 871 et
506 807 740 871 Germanorum
760 824 920 888 numerus,
941 806 1156 889 paulatirnque
1177 826 1347 886 aggregan-

322 922 408 1009 tibos
436 942 470 985 se
500 922 627 985 auxiliis
657 922 722 985 acie
752 932 915 985 certatum·
966 920 1117 983 Germani
1145 920 1244 983 multa
1274 939 1348 989 cum

323 1047 425 1116 strage
446 1046 630 1098 nostrorum
651 1055 767 1101 narem
786 1032 952 1116 arripiunt.
991 1031 1083 1112 victi,
1113 1030 1200 1115 quod
1221 1043 1290 1095 tum
1309 1032 1346 1095 in

322 1172 444 1215 morem
467 1162 621 1231 verterat,
653 1172 719 1214 non
746 1170 836 1217 suam
860 1149 1015 1231 ignaviam
1036 1145 1093 1213 sed
1115 1146 1279 1231 perfidiam
1299 1150 1346 1211 le-

322 1266 387 1347 gati
405 1267 584 1348 culpabant.
624 1268 823 1331 Protracmm
842 1287 859 1329 e
878 1264 1027 1345 tentorio,
1049 1266 1143 1329 scissa
1156 1277 1253 1344 reste,
1273 1284 1347 1330 ver·
1461 1310 1462 1345 p

323 1384 433 1446 bercto
455 1402 606 1464 corpore,
636 1402 700 1465 quo
720 1382 842 1465 predo,
868 1381 983 1465 quibua
1005 1380 1136 1443 consciis
1156 1377 1347 1462 prodidisset

324 1493 498 1559 exercitum
519 1493 621 1558 dicere
642 1497 764 1575 jubent.
804 1492 899 1557 Radit
919 1495 953 1555 in
974 1490 1194 1557 Hordeonium
1215 1491 1347 1557 invidia.

323 1608 414 1674 illum
437 1623 598 1675 auctorem
619 1609 763 1689 sceleris,
783 1613 869 1675 httnc
890 1608 1069 1673 minIstrum
1090 1620 1220 1687 vocant,
1245 1606 1348 1671 donec

325 1725 457 1791 exitium
477 1726 693 1789 minitantibus
715 1725 884 1789 exterritus
902 1722 1113 1808 proditionem
1132 1738 1161 1787 et
1177 1724 1245 1805 ipse
1260 1724 1349 1787 Hor·

325 1836 440 1904 dconio
464 1841 588 1917 objecit,
612 1840 799 1925 vinctusque
822 1838 959 1904 adventu
981 1837 1106 1903 demum
1126 1840 1265 1901 Voculae
1289 1860 1350 1901 cx-

325 1954 468 2019 solvitur.
510 1955 538 2017 is
558 1966 685 2036 postera
709 1954 760 2019 die
788 1968 931 2019 auctores
957 1952 1118 2019 seditionis
1140 1967 1252 2025 morta,
1269 1957 1349 2019 affe·

326 2069 378 2132 cit.
426 2069 529 2133 Tanta
548 2067 597 2133 illi
620 2070 774 2135 exercitui
803 2068 966 2136 diversitas
992 2072 1097 2135 inerat-
1120 2072 1264 2137 licentias
1288 2094 1349 2154 pa·

325 2185 528 2269 tientiaeque.
569 2183 779 2249 hauddubie
805 2185 964 2267 gregarius
989 2184 1079 2251 miles
1099 2184 1230 2251 Vitellio
1256 2184 1349 2265 fidus,

325 2295 593 2379 splendidissImus
624 2300 759 2383 quisque
789 2298 826 2361 in
855 2300 1086 2382 Vespasianum
1112 2302 1219 2383 proni.
1274 2300 1350 2365 inde

327 2409 479 2474 scelerum
501 2430 537 2473 ac
558 2409 786 2493 suppliciorum
807 2410 890 2478 vices
913 2424 945 2476 et
970 2411 1086 2476 mixtus
1114 2413 1267 2500 obsequio
1293 2415 1348 2477 Iu-

325 2543 391 2604 roc‚
413 2534 450 2586 ut
470 2522 627 2588 contineri
647 2544 715 2588 non
734 2538 864 2608 possent
886 2526 943 2610 qui
963 2525 1071 2609 puniri
1092 2538 1246 2608 poterant.

241 2643 312 2710 ωε
409 2638 451 2701 At
480 2637 613 2704 Civilem
640 2637 801 2702 Immends
832 2639 973 2702 auctibus
1002 2641 1150 2706 universa
1179 2637 1350 2702 Germania

326 2751 497 2815 extollebat
524 2752 669 2816 societate
696 2751 900 2814 nobilissimis
932 2750 1079 2816 obsidum
1106 2752 1238 2818 firmata.
1280 2755 1350 2833 Ille,

326 2877 363 2930 ut
382 2865 495 2951 cuique
516 2868 706 2950 proximum,
729 2867 845 2932 vastari
865 2867 965 2932 Ubios
987 2870 1211 2952 Treverosque
1235 2880 1265 2931 et
1287 2868 1348 2930 alia

326 2998 423 3043 manu
452 2981 577 3045 Mosam
606 3003 730 3044 manem
757 2983 891 3046 mansue
922 2987 1028 3064 jubet,
1060 2997 1095 3049 ut
1122 2983 1289 3066 Menapios
1318 2995 1350 3046 et

326 3091 472 3159 Morinos
494 3107 525 3158 et
545 3105 685 3158 exnema
711 3093 886 3160 Galliarum
914 3110 1067 3182 quateret.
1118 3113 1203 3164 actae
1226 3097 1350 3162 utrobi·

327 3229 390 3292 que
410 3207 565 3292 praedae,
593 3209 737 3276 infestius
758 3213 792 3275 in
814 3211 922 3293 Ubiis,
946 3213 1031 3300 quod
1056 3233 1132 3294 gens
1155 3212 1350 3296 germanicae

328 3321 458 3402 originis
479 3327 599 3402 ejurata
619 3323 732 3406 patria,
753 3325 971 3391 Romanorum
991 3327 1119 3391 nomine
1137 3326 1351 3407 Agrippinen-

328 3452 378 3496 ses
398 3447 597 3499 vocarentur.
641 3434 758 3500 Caesae
779 3439 923 3502 cohortes
943 3459 1055 3503 eorum
1075 3439 1109 3500 in
1130 3440 1201 3505 vico
1221 3437 1350 3500 Marco-

330 3547 411 3614 duro
434 3550 623 3616 incuriosius
652 3565 778 3634 agentes
784 3597 795 3632 ,
828 3554 903 3639 quia
930 3559 1044 3639 procul
1067 3556 1180 3620 Rheno
1210 3555 1351 3617 aberant.

328 3665 396 3730 Nec
417 3666 565 3752 quievere
592 3667 670 3732 Ubii
693 3689 759 3752 quo
784 3669 888 3736 minua
910 3670 1043 3755 praedae
1065 3692 1082 3734 e
1106 3667 1272 3732 Germania
1293 3687 1352 3747 pe·

329 3792 441 3859 terent,
460 3781 565 3864 primo
587 3781 727 3866 impune,
749 3782 822 3848 dein
844 3785 1050 3852 cIrcumrenti
1068 3797 1151 3862 sunt,
1176 3802 1234 3867 per
1256 3799 1352 3844 omne

328 3891 363 3956 id
394 3897 512 3960 bellum
543 3899 673 3962 meliore
704 3898 755 3961 usi
784 3897 845 3962 fide
878 3919 973 3982 quam
1005 3900 1144 3963 lortuna.
1203 3893 1353 3959 contusis

328 4003 420 4070 Ubiis
449 4009 576 4088 morior
605 4025 636 4076 et
664 4034 941 4078 successurorum
971 4014 1109 4077 ferocior
1129 4011 1239 4076 Citilis
1266 4009 1353 4074 obsi·

330 4115 417 4182 dium
436 4119 596 4199 legionum
624 4128 771 4206 urgebat,
798 4126 927 4192 intentis
949 4125 1115 4206 custodiis,
1143 4147 1184 4190 ne
1207 4125 1278 4209 quia
1300 4143 1354 4186 oc·
