2959 4875
450 403 513 472 EX
535 403 790 473 ANNALIBUS
1089 407 1130 474 at

21 575 22 640 Ϊ
113 591 239 663 gestem,
261 599 349 642 arma
367 578 400 640 in
421 577 588 642 Caesarem
606 600 749 663 poscens.
792 598 895 663 neque
913 578 1040 662 probris
1056 594 1136 646 tem-

112 697 258 778 perabat:
289 691 457 774 ‘egregium
476 704 614 774 patrem,
642 714 790 773 magnum
810 693 1047 776 imperatorem,
1068 697 1135 759 for-

21 815 23 822 ‘
112 823 172 874 tem
200 812 394 905 exercitum,
425 831 561 892 quorum
589 820 637 870 tot
663 829 777 871 manus
804 831 901 872 unam
921 812 1134 874 mulierculam

112 927 284 989 evexerint.
338 925 398 988 sibi
428 937 491 986 tres
520 925 677 1004 legiones,
714 923 845 987 totidem
873 927 990 1005 legatos
1018 949 1134 1008 procu-

21 1019 22 1068 1
112 1043 227 1104 baisse.
278 1061 345 1103 uon
376 1041 459 1102 enim
490 1061 522 1102 se
551 1038 746 1121 proditione,
777 1062 882 1123 neque
913 1040 1061 1106 adversus
1086 1043 1134 1104 fe-

21 1177 23 1250 s
111 1155 211 1214 urinas
243 1135 403 1233 gravidas,
443 1151 498 1213 sed
528 1153 632 1232 palam
665 1150 814 1216 adversus
847 1168 982 1219 armatos
1015 1158 1133 1219 bellum

111 1282 255 1332 tractare.
299 1269 385 1330 cerni
410 1266 511 1330 adhuc
534 1267 767 1330 Germanorum
793 1270 828 1329 in
853 1270 931 1332 lucis
962 1273 1048 1352 signa
1078 1293 1133 1335 ro·

111 1404 224 1461 mana,
268 1403 350 1464 quae
395 1379 454 1443 diis
500 1380 611 1463 patriis
653 1380 860 1464 suspenderit.
920 1387 1035 1448 coleret
1074 1385 1132 1450 Se·

21 1491 22 1568 J
108 1509 208 1575 gestes
236 1496 350 1559 uictam
378 1497 497 1578 ripam,
528 1494 675 1557 redderet
701 1499 767 1560 filio
796 1497 1003 1562 sacerdotium
1028 1503 1132 1565 homi·

109 1607 241 1694 num*).
291 1611 465 1674 Germanos
493 1633 659 1694 nunquam
688 1613 761 1675 satia
794 1629 1014 1692 excusaturos,
1045 1614 1131 1697 quod

107 1727 192 1789 inter
219 1715 325 1788 Albim
349 1739 380 1787 et
399 1728 546 1788 Rhenum
567 1729 671 1808 virgae
693 1740 723 1790 et
751 1748 875 1790 secures
905 1741 936 1790 et
956 1742 1060 1809 togam
1081 1729 1131 1791 vi-

109 1837 223 1902 derint.
267 1840 333 1902 aliis
360 1842 504 1920 gentibus
531 1843 708 1922 ignorantia
736 1844 860 1925 imperii
888 1845 1011 1906 romani
1038 1847 1130 1908 inex·

107 1966 200 2033 perta
223 1973 289 2013 esse
312 1955 470 2035 supplicia,
494 1954 598 2017 nescia
617 1956 752 2018 tributa:
778 1977 859 2038 quae
882 1954 1009 2038 quando
1031 1978 1130 2018 exue·

105 2068 186 2145 rint,
212 2068 383 2150 irritusque
402 2068 576 2131 discesserit
595 2069 649 2130 ille
669 2069 753 2132 inter
774 2071 904 2129 numina
925 2068 1043 2129 dicauts
1062 2069 1130 2129 Au·

105 2195 234 2262 gusuls,
255 2183 309 2243 ifle
332 2181 467 2246 delectus
489 2183 655 2263 Tiberius,
677 2207 717 2247 ue
740 2183 921 2265 imperitum
951 2181 1130 2244 adolescen-

106 2302 220 2376 tulum,
244 2319 285 2358 ne
302 2296 481 2360 seditiosum
497 2300 669 2362 exereitum
685 2311 897 2381 pavescerent.
940 2299 967 2361 si
987 2299 1131 2379 patriam,
1207 2370 1211 2376 ,

106 2426 269 2495 parentes,
304 2414 434 2495 antiqua
464 2414 592 2477 mallent
622 2435 718 2498 quam
747 2413 891 2476 dominos
926 2424 957 2475 et
991 2413 1130 2476 colonias

106 2552 224 2607 novas,
253 2530 433 2591 Arminium
454 2529 559 2610 potius
581 2530 699 2609 gloriae
725 2550 760 2589 ac
781 2530 935 2590 libertatis
958 2550 1053 2610 quam
1074 2527 1130 2590 Se·

105 2656 221 2723 gestem
244 2641 413 2721 flagitiosae
435 2641 592 2706 servitutis
614 2640 724 2703 ducem
749 2642 974 2723 sequerentur?

194 2754 319 2817 Conciti
340 2775 399 2835 per
418 2755 497 2815 haec
521 2776 587 2816 non
617 2751 713 2817 modo
742 2752 895 2815 Cherusci
922 2751 977 2815 sed
1006 2764 1215 2828 contar-1,60

104 2868 209 2930 minae
230 2880 346 2947 gentes,
367 2878 547 2949 tractusque
571 2866 606 2927 in
628 2879 732 2947 partes
756 2859 974 2946 Inguiomerus
995 2863 1132 2926 Arminii

104 2994 254 3063 patruus,
272 2980 374 3045 veteri
392 2978 476 3061 apud
497 2979 658 3042 Romanos
683 2981 878 3042 auctoritate.
920 2974 1004 3039 unde
1028 2981 1131 3054 major

105 3098 226 3159 caesari
252 3108 364 3157 metus
413 3108 443 3156 et
464 3115 505 3155 ne
532 3095 651 3157 bellum
673 3095 756 3157 mole
779 3116 843 3155 arna
863 3094 1023 3173 ingrueret
1050 3090 1129 3153 Cae·

21 3232 22 3241 ¹
104 3213 208 3273 cinam
234 3231 305 3272 cum
331 3208 535 3292 quadraginta
563 3209 746 3271 cohortibus
767 3210 907 3270 romanis
928 3205 1129 3269 distrahendo

103 3326 190 3387 hosti
210 3345 270 3406 per
291 3326 460 3386 Bructeros
483 3321 523 3384 ad
544 3320 662 3383 flumen
683 3322 834 3383 Amisiam
854 3319 965 3398 mittit,
993 3318 1131 3401 equitem

101 3438 191 3503 Pedo
212 3440 388 3521 praefectus
409 3437 526 3499 finibus
549 3438 725 3501 Frisiorum
749 3434 852 3508 ducit,
880 3436 948 3517 ipse
969 3434 1131 3515 impositas

102 3554 239 3616 navibus
261 3565 398 3635 quatuor
420 3552 559 3631 legiones
580 3574 639 3635 per
659 3554 746 3616 lacus
767 3553 870 3629 vexit,
896 3551 1051 3631 simulque
1073 3567 1130 3627 pe-

102 3665 175 3745 des,
207 3686 320 3750 eques,
347 3666 453 3729 classis
476 3666 560 3749 apud
581 3667 776 3750 praedictum
798 3684 922 3728 amnem
943 3674 1130 3723 convenere.

101 3778 224 3841 Cauchi
246 3800 345 3861 quum
368 3779 487 3841 auxilia
515 3781 740 3861 pollicerentur
765 3782 801 3841 in
830 3772 1044 3840 commilitium
1074 3767 1129 3831 ad·

155 4044 183 4111 ’)
203 4045 285 4097 lectio
310 4046 419 4101 medicei
445 4046 544 4102 codicis
570 4045 654 4115 (apud
681 4040 843 4099 waltherum
862 4041 889 4105 4,
906 4037 976 4107 895)
998 4052 1048 4107 pro
1072 4036 1130 4089 sul-

97 4144 162 4204 gata
183 4136 323 4194 hominem.
