2959 4875
325 428 372 496 ὅθ’
674 422 738 489 ΒΧ
759 418 996 491 HISTORIIS

329 598 429 663 Dillio
450 598 594 663 Voculae
611 596 874 663 duoetvicesimae
894 595 1028 677 legionis
1051 594 1155 675 legato
1181 590 1295 673 tradit,
1317 604 1354 657 ut

330 734 427 797 quem
445 714 591 776 maximis
616 735 675 794 per
693 714 798 795 ripam
820 711 990 776 itineribus
1011 713 1177 787 celeraret,
1204 708 1274 789 ipse
1295 728 1354 789 pa·

329 827 433 908 sidus,
452 827 611 891 invalidus
627 846 772 908 corpore,
793 827 914 890 inrisus
935 824 1099 887 militibus.
1139 820 1252 903 Neque
1268 820 1354 883 enim

331 946 474 1023 ambigue
505 943 682 1006 fremebant
698 943 850 1005 '‘emissas
882 964 901 1003 a
931 940 1132 1019 Msgnntiaco
1158 938 1354 1001 Batavorum

331 1058 477 1119 cohortes
483 1098 493 1133 ,
525 1052 736 1120 dissimulatos
758 1052 867 1119 Civilis
890 1065 1039 1130 conatus,
1064 1050 1175 1125 adsciri
1198 1051 1234 1113 in
1254 1051 1354 1113 socie-

330 1183 426 1233 tatem
457 1171 642 1241 Germanos.
693 1170 887 1249 nossfflrimi
914 1169 1046 1233 Antonii
1076 1188 1181 1251 neque
1210 1167 1353 1231 Muciani
1463 1170 1464 1193 ¹

331 1307 391 1368 ope
412 1287 642 1369 Vespasianum
661 1288 759 1366 magis
784 1284 969 1351 adolevisse.
1017 1297 1124 1367 aperte
1153 1281 1225 1348 odis
1252 1304 1354 1347 erma-
1463 1278 1464 1283 ’

331 1424 394 1485 que
421 1402 525 1483 palam
553 1400 686 1482 depelli:
717 1400 863 1467 fraudem
891 1416 923 1465 et
953 1394 1061 1464 dolum
1088 1402 1223 1464 obscura
1251 1422 1353 1485 eoque
1463 1422 1464 1425 ’

329 1514 533 1579 inevitabilia.
576 1514 709 1580 Civilem
731 1526 813 1577 stare
836 1528 962 1594 contra,
983 1528 1105 1577 struere
1124 1513 1239 1578 aciem:
1268 1514 1354 1576 Hor·

331 1630 481 1695 deonium
510 1653 527 1693 a
556 1632 702 1695 cubiculo
732 1643 764 1693 et
790 1632 907 1695 lectulo
939 1633 1049 1709 jubere
1083 1628 1240 1712 quidquid
1269 1631 1355 1693 hosti

331 1744 496 1811 conducat.
547 1759 594 1811 tot
625 1759 770 1809 armatas
790 1746 1036 1813 fortissimorum
1066 1746 1209 1811 virorum
1241 1768 1354 1810 manus

332 1860 427 1923 unius
449 1859 533 1923 senis
554 1859 727 1928 valitudine
748 1859 827 1947 regi.
866 1862 954 1945 'quin
976 1862 1082 1941 potius
1103 1862 1265 1923 interiecto
1287 1874 1354 1923 tra·

332 1975 433 2040 ditore
462 1976 625 2043 fortunam
651 1976 872 2057 virtutemque,
892 1985 981 2038 suam
1006 1977 1090 2039 malo
1118 1977 1222 2037 omine
1249 1977 1355 2039 exsol·
1463 1988 1464 1995 ’

331 2091 461 2156 verant!
507 2092 565 2155 His
580 2090 670 2179 ‘inter
682 2113 723 2177 ²se
736 2091 876 2174 'roribus
896 2089 1060 2155 instinctos
1084 2087 1283 2153 ilsmmtvere
1301 2091 1355 2151 in-

331 2226 428 2288 super¹
453 2208 563 2279 allatae
587 2228 606 2269 a
627 2205 823 2287 Vespasiano
844 2203 973 2283 literee,
1003 2224 1082 2286 quas
1101 2202 1247 2279 Flaccus,
1278 2201 1355 2285 quis
1463 2242 1464 2291 3

331 2321 483 2383 occultari
507 2319 699 2403 nequibant,
726 2339 793 2399 pro·
814 2319 965 2383 concione
985 2318 1145 2397 recitavit}
1168 2318 1354 2402 vinctosque

333 2432 389 2518 qui
409 2432 579 2496 attulerant
600 2430 641 2496 ad
662 2433 825 2496 Vitellium
847 2431 941 2498 misit.

247 2567 272 2630 4,
280 2570 317 2622 25
415 2547 467 2612 Sic
487 2548 633 2631 mitigatis
656 2549 768 2614 animis
788 2553 945 2630 Bonnam,
965 2552 1098 2614 hiberna
1118 2551 1238 2634 primae
1253 2551 1355 2632 legin·

331 2664 391 2742 nis,
414 2677 553 2728 rentum.
592 2665 749 2729 infensior
769 2666 833 2728 illic
853 2667 942 2729 miles
965 2667 1089 2748 culpam
1105 2665 1200 2728 cladis
1217 2667 1252 2728 in
1267 2665 1355 2727 Hor-

331 2775 481 2842 deonium
503 2781 662 2845 vertebat:
696 2780 772 2860 ‘ejus
795 2785 884 2858 jussu
909 2778 1058 2843 directam
1085 2778 1235 2844 adsersus
1259 2781 1355 2842 Beta-

297 2903 300 2908 '
329 2913 387 2958 vos
409 2893 521 2972 eciem,
545 2905 695 2977 tanquam
716 2915 736 2956 a
756 2893 955 2973 Magantiaco
976 2894 1113 2976 legiones
1135 2905 1354 2976 sequerentur,

331 3003 470 3084 ejusdem
490 3003 673 3088 proditione
694 3027 801 3070 caesos
828 3008 923 3070 nullis
945 3007 1240 3090 supervenientibus
1261 3007 1354 3070 auxi-

329 3117 391 3182 liis.
432 3119 539 3200 iqnota
563 3121 641 3184 haec
668 3122 779 3185 ceteris
801 3123 1008 3201 exercitibus,
1041 3133 1144 3208 nequ'e
1168 3124 1354 3205 imperatori

330 3253 388 3297 suo
410 3234 568 3315 nuntiari,
596 3257 695 3320 quum
716 3259 847 3302 accursu
868 3251 915 3302 tot
935 3237 1171 3321 provinciarum
1194 3236 1355 3316 exstingui

329 3366 443 3426 repens
472 3347 604 3429 perfidie
629 3352 790 3433 potuerit.’
837 3351 1042 3417 Hordeonius
1070 3353 1262 3434 exemplaria
1282 3372 1354 3414 om·

329 3461 420 3523 nium
448 3464 628 3542 literarum,
657 3467 774 3549 quibus
802 3488 861 3550 per
890 3467 1008 3531 Gallias
1036 3467 1295 3550 Britanniamque
1320 3480 1355 3530 et

329 3577 497 3659 Hispanias
518 3579 637 3642 auxilia
657 3583 787 3659 orabat,
818 3583 971 3645 exercitui
992 3582 1133 3648 recitavit
1152 3581 1353 3663 instituitque

328 3690 500 3772 pessimum
519 3692 657 3775 fucinus,
683 3709 721 3759 ut
739 3666 892 3779 epistolae
913 3698 1085 3782 aquiliferis
1106 3699 1265 3779 legionum
1284 3709 1353 3759 tra·

329 3800 498 3884 derentur,
526 3807 638 3890 aquis
659 3820 733 3872 ante
759 3809 854 3874 militi
881 3832 976 3893 quam
1003 3809 1135 3873 ducibus
1155 3810 1353 3890 legebantur.

328 3918 412 3980 Tum
436 3939 453 3980 e
482 3919 637 3986 seditiosis
660 3944 761 3986 unum
789 3926 904 3990 vinciri
930 3927 1019 4004 jubet
1048 3925 1145 4004 magis
1174 3921 1353 4004 usurpandi

326 4031 406 4108 iuris
436 4053 532 4116 quam
563 4036 640 4118 quis
666 4039 763 4102 unius
790 4041 883 4121 culpe
905 4039 998 4100 foret.
1046 4049 1215 4120 motusque
1236 4036 1352 4098 Bonna

327 4143 482 4208 exercitus
508 4147 542 4208 in
572 4150 729 4214 coloniam
755 4150 1004 4232 agrippinensem
1034 4150 1237 4214 effluentibus
1258 4151 1352 4213 auxi·
