2959 4875
464 436 528 505 ux
548 436 785 508 HISTORIIS
1074 446 1137 515 109

112 617 203 679 ribus
234 636 341 700 quove
369 624 484 679 eventu
505 615 681 696 germanica
704 618 786 680 bella
807 624 1041 686 tractaverimus
1062 626 1136 689 satis

113 732 247 795 clarum.
288 728 358 794 Neo
379 729 452 792 ideo
473 729 622 793 Rhenum
644 729 816 797 insedimus
837 748 873 797 ut
892 737 1014 801 Italiam
1031 751 1136 801 tuere·

112 866 202 923 mur,
229 842 348 909 sedne
374 844 444 927 quis
466 846 545 907 alius
565 846 743 911 Ariovistus
764 870 861 930 reguo
883 850 1055 917 Galliarum
1077 877 1136 937 po-

115 960 238 1021 tiretur.
280 979 322 1019 an
348 978 404 1023 vos
430 960 569 1022 cariores
587 958 681 1025 Civili
701 963 892 1047 Batavisque
920 977 952 1027 et
976 968 1137 1031 transrhe-

118 1074 209 1135 nanis
237 1072 383 1153 gentibus
413 1070 540 1135 creditis
569 1094 665 1156 quam
691 1075 863 1153 majoribus
892 1097 1002 1141 eorum
1033 1093 1138 1163 patres

117 1190 234 1272 avique
257 1187 351 1253 vestri
376 1184 529 1251 fuerunt?
562 1187 671 1253 eadem
700 1210 823 1273 temper
852 1194 1138 1260 causa'Germanis

117 1300 374 1366 transscendendi
398 1302 431 1364 in
460 1302 594 1382 Gallias,
624 1302 723 1368 libido
750 1318 843 1391 atque
864 1310 994 1374 avaritia
1015 1323 1047 1373 et
1067 1332 1138 1374 mu·

118 1416 231 1481 landas
253 1415 337 1480 sedis
357 1426 464 1494 amor,
485 1428 520 1479 ut
539 1416 654 1481 relictis
674 1416 844 1501 paludibus
866 1434 897 1486 et
916 1421 1138 1502 solitudinibus

117 1532 181 1595 suis
202 1531 460 1595 fecundissimum
480 1534 541 1597 hoc
561 1535 664 1597 solum
684 1554 805 1619 vosque
825 1536 911 1617 ipsos
932 1537 1140 1620 possiderent.

117 1657 255 1707 ceterum
278 1646 406 1708 libertas
429 1658 461 1708 at
483 1644 625 1728 speciosa
645 1648 775 1709 nomina
798 1662 1045 1730 praetexuntur:
1080 1674 1137 1716 nec

119 1762 285 1845 quisquam
307 1762 445 1825 alienum
470 1762 633 1827 servitium
659 1775 692 1827 et
712 1762 958 1829 dominationem
980 1764 1041 1831 sibi
1062 1788 1138 1830 con·

119 1876 238 1959 cuvait
264 1886 301 1939 ut
323 1896 389 1938 non
409 1873 519 1938 eadem
544 1873 605 1938 ista
631 1878 786 1941 vocabula
812 1892 988 1961 usurparet.
1029 1880 1138 1961 Regna
1151 1887 1221 1960 ψ

118 1989 265 2073 bellaque
291 2011 351 2073 per
372 1989 489 2055 Gallias
516 2010 641 2072 semper
668 1992 777 2070 fuere,
807 1990 908 2054 donec
932 1993 967 2054 in
993 2007 1138 2057 nostrum

117 2107 166 2179 jus
187 2102 408 2166 concederetis.
450 2123 527 2181 nos,
555 2122 738 2185 quanquam
757 2101 870 2165 totiens
891 2103 1040 2182 lacessiti,
1069 2110 1138 2182 jura

118 2215 268 2279 victoriae
296 2215 329 2279 id
356 2218 460 2281 solum
488 2216 579 2282 vobis
608 2214 785 2281 addidimus
813 2236 879 2302 quo
903 2240 1012 2301 pacem
1034 2232 1139 2281 tuere·

118 2350 200 2393 mur.
243 2352 317 2391 nam
337 2352 442 2414 neque
463 2332 552 2414 quies
572 2331 711 2412 gentium
730 2332 798 2395 sine
816 2332 911 2396 armis
927 2354 1031 2417 neque
1051 2356 1138 2398 arma

119 2446 184 2507 sine
198 2443 363 2527 stipendiis
377 2466 481 2529 neque
495 2444 650 2527 stipendia
664 2448 732 2508 sine
744 2447 870 2510 tributis
884 2449 995 2511 haberi
1008 2465 1138 2533 queunt.

119 2571 221 2620 cetera
235 2560 271 2621 in
291 2559 450 2623 communi
470 2559 530 2622 sita
546 2571 630 2622 sunt.
671 2559 733 2639 ipsi
754 2562 942 2643 plerumque
960 2561 1136 2641 legionibus

119 2673 235 2736 nostris
255 2672 457 2755 praesidetis,
484 2673 547 2754 ipsi
573 2674 631 2736 has
652 2675 792 2757 aliasque
814 2673 993 2755 provincias
1015 2676 1136 2755 regitis:

119 2788 198 2848 nihil
224 2798 403 2867 separatum
433 2789 623 2852 clausumve.
671 2799 702 2850 et
728 2785 931 2850 laudatorum
960 2789 1136 2871 principum

118 2919 193 2961 usus
216 2920 257 2961 ex
277 2919 378 2982 aequo
402 2897 545 2981 quamvis
569 2900 681 2979 procul
709 2899 889 2979 agentibus:
919 2902 1006 2966 saevi
1025 2903 1137 2985 proxi-

28 3058 29 3091 .
118 3016 176 3077 mis
196 3016 357 3095 ingruunt.
400 3012 560 3098 quomodo
585 3014 778 3080 sterilitatem
805 3028 859 3078 aut
886 3017 1000 3082 nimios
1020 3019 1137 3084 imbres

119 3145 149 3194 et
170 3145 274 3195 cetera
297 3145 427 3194 naturae
449 3132 549 3208 mela,
575 3130 621 3192 ita
642 3131 755 3192 luxum
776 3133 828 3195 vel
852 3132 1016 3195 avaritiam
1036 3131 1137 3196 domi·

118 3245 262 3308 nantium
282 3247 431 3308 tolerate:
464 3243 541 3310 vitia
561 3254 668 3318 erunt,
694 3238 795 3304 donec
815 3243 977 3322 homines,
1005 3244 1060 3308 aed
1081 3269 1138 3310 ne·

119 3381 180 3442 que
208 3363 287 3423 haec
314 3361 464 3423 continua
491 3371 521 3420 et
547 3331 714 3422 meliorum
742 3355 926 3421 inservantu
955 3373 1139 3441 pensantur.

117 3476 188 3540 Nisi
216 3477 299 3539 forte
330 3474 452 3537 Tutore
482 3487 513 3537 et
544 3473 681 3538 Classico
711 3473 917 3554 regnantibus
948 3473 1139 3538 moderatius

117 3588 286 3670 imperium
315 3590 464 3670 speratis,
493 3601 547 3650 aut
575 3590 752 3651 minoribus
779 3610 875 3670 quam
901 3611 987 3651 nunc
1013 3589 1139 3649 tributis

118 3707 317 3787 parabuntur
337 3704 510 3782 exercitus,
540 3704 656 3788 quibus
682 3704 832 3768 Germani
855 3704 1061 3786 Britannique
1088 3723 1139 3764 ar·

118 3831 259 3882 ceantur.
310 3809 385 3881 nam
413 3819 529 3900 pulsis,
563 3818 651 3902 quod
679 3817 724 3880 dii
751 3818 941 3899 prohibeant
948 3861 971 3902 ,‚
986 3818 1138 3880 Romanis

117 3929 197 4013 quid
225 3930 312 3993 aliud
340 3953 436 4014 quam
462 3932 546 3994 bella
571 3929 713 3993 omnium
740 3931 824 3990 inter
851 3949 884 3990 sc
914 3930 1053 4010 gentium
1082 3953 1138 3994 ex·

116 4040 249 4106 sistent?
283 4045 534 4125 octingentorum
565 4065 722 4107 annorum
752 4043 882 4106 iurtstna
912 4044 1138 4130 disciplinaque

117 4176 282 4237 compages
311 4159 389 4219 haec
419 4159 553 4234 coaluit,
584 4176 666 4240 quae
691 4157 825 4221 convelli
850 4155 917 4220 sine
945 4159 1041 4223 exitio
1062 4179 1139 4223 con·
