2959 4875
320 431 365 499 st
666 429 727 497 EX
750 429 985 499 HISTORIIS

320 606 475 689 proelium
503 605 709 685 excusabant,
745 618 892 690 tanquam
924 607 1020 689 petita
1048 627 1140 691 pace,
1158 617 1344 695 ¹postquam

321 724 511 805 negabatur,
534 719 719 803 sibimetipsi
738 720 977 784 consuluissent.

235 858 261 922 4,
269 860 304 911 21
406 838 514 904 civilis
546 836 682 901 adventu
711 849 932 902 veteranarum
965 836 1141 901 cohortium
1169 840 1243 918 iusti
1277 845 1342 919 jam

321 956 476 1021 exercitus
496 952 625 1032 ductor,
657 950 715 1017 sed
734 954 857 1019 consilii
885 952 1066 1033 ambiguus,
1097 964 1128 1014 et
1147 952 1212 1019 rim
1235 974 1342 1017 roma-

320 1093 394 1135 nam
415 1082 582 1153 reputans,
605 1081 735 1133 cunctos
757 1070 814 1153 qui
832 1066 962 1133 aderant
982 1070 1016 1131 in
1037 1069 1133 1133 verba
1153 1068 1342 1150 Vespasiani

320 1185 416 1266 adigit
443 1182 599 1266 mittitque
629 1183 747 1262 legatos
779 1180 819 1245 ad
848 1180 926 1245 duas
954 1182 1092 1262 legiones
1122 1201 1202 1264 quae
1232 1181 1341 1263 priore

320 1301 385 1365 acie
413 1302 522 1382 pulsae
543 1298 578 1359 iu
599 1296 716 1359 Vetera
743 1311 842 1361 castra
865 1309 1098 1375 concesserant,
1128 1307 1164 1358 ut
1184 1294 1269 1357 idem
1290 1316 1340 1357 sa·

319 1428 511 1483 crementum
547 1412 732 1495 acciperent.
787 1412 942 1477 Redditur
979 1420 1182 1495 responsum,
1225 1412 1349 1494 ‘neque

319 1528 490 1615 proditoris
512 1547 615 1611 neqtm
638 1526 774 1590 hostium
797 1546 831 1589 se
852 1527 989 1590 consiliis
1013 1527 1077 1591 uti:
1108 1545 1175 1587 esse
1199 1524 1260 1587 sibi
1281 1524 1340 1587 Vi-

318 1645 440 1708 tellium
466 1643 658 1726 principem,
689 1662 750 1724 pro
781 1662 845 1726 quo
874 1641 967 1705 fidem
997 1653 1028 1703 et
1053 1662 1139 1707 arma
1166 1659 1268 1723 usque
1297 1638 1339 1702 ad

318 1778 500 1840 supremum
529 1756 674 1839 spiritum
704 1770 899 1822 retenturos:
926 1755 1061 1840 proinde
1091 1757 1221 1838 perfuga
1247 1756 1339 1819 bata·

317 1890 386 1952 sqq
399 1868 563 1933 arbitrium
584 1888 693 1931 rerum
715 1888 920 1931 romanarum
942 1891 983 1932 ne
1013 1883 1132 1949 ageret,
1161 1868 1214 1932 sed
1241 1870 1341 1931 meri-

317 1994 363 2045 tas
384 1981 507 2045 sceleris
531 2000 649 2062 poenas
671 1980 884 2062 exspectaret!
930 1978 1018 2057 Quae
1039 1982 1096 2045 ubi
1115 1982 1214 2055 relata
1236 1980 1339 2063 Civili,

252 2154 256 2161 .
300 2095 462 2161 incensus
482 2096 532 2159 ira
551 2095 730 2159 universam
751 2096 943 2187 ngsvorum
970 2109 1094 2177 gentem
1121 2096 1156 2159 in
1180 2118 1265 2161 arma
1286 2118 1338 2159 ra·

316 2208 375 2289 pit.
413 2213 588 2291 junguntur
609 2208 753 2273 Bructeri
774 2209 1000 2293 Tencterique,
1029 2223 1060 2274 et
1085 2210 1192 2275 'excita
1216 2212 1338 2275 nuntiIs

317 2322 486 2384 Germania
508 2320 549 2385 ad
568 2321 718 2403 praedam
738 2324 928 2407 famamque.
1017 2322 1020 2327 '

231 2465 302 2532 m
402 2434 559 2500 Adversus
579 2437 637 2498 has
659 2437 873 2500 concurrentis
889 2436 970 2498 ,belli
997 2439 1097 2502 minas
1123 2439 1217 2520 legati
1237 2437 1337 2519 legio·

314 2573 392 2616 num
410 2552 552 2614 Mumius
572 2550 736 2633 Lupercus
759 2565 790 2615 et
810 2550 972 2616 Numisius
999 2553 1101 2618 Rufus
1121 2557 1240 2619 vallum
1264 2573 1337 2618 mu-

312 2685 429 2750 rosque
456 2666 635 2729 firmabant.
684 2666 836 2730 subversa
864 2664 976 2746 longae
1004 2668 1091 2749 pacis
1124 2689 1221 2766 opera
1248 2666 1336 2732 haud

312 2785 425 2864 procul
443 2784 551 2846 castris
565 2783 601 2844 in
615 2781 745 2846 modum
764 2782 927 2864 municipii
944 2795 1114 2863 exstructa,
1136 2807 1176 2847 ne
1190 2785 1335 2850 hostibus

313 2896 385 2958 usui
414 2897 530 2962 forent.
573 2896 636 2961 Sed
664 2918 778 2980 parum
806 2898 970 2980 provisum
992 2912 1028 2962 ut
1049 2900 1157 2982 copiae
1179 2901 1213 2966 in
1234 2914 1334 2964 castra

282 3085 285 3089 .
312 3012 581 3089 conveherentur:
610 3011 680 3093 rapi
707 3010 887 3092 permisere.
934 3012 983 3074 Ita
1007 3012 1115 3094 paucis
1141 3012 1250 3078 diebus
1275 3034 1335 3095 per

310 3123 468 3190 licentiam
499 3128 663 3210 absumpta
691 3139 765 3189 sunt
792 3147 872 3210 quae
901 3124 1049 3192 adversus
1078 3129 1273 3195 necessitates
1297 3129 1334 3192 in

309 3240 441 3318 longum
462 3240 667 3305 suffecissent.
710 3241 817 3308 civilis
837 3241 976 3307 medium
997 3265 1107 3324 agmen
1128 3267 1199 3310 cum
1215 3248 1334 3310 robore

308 3352 502 3418 Batavorum
519 3355 664 3432 obtinens
686 3369 851 3437 utramque
873 3355 977 3418 Rheni
998 3359 1116 3439 ripam,
1138 3379 1201 3442 quo
1222 3371 1333 3422 hucu-

310 3464 425 3528 Ientior
443 3465 514 3528 visu
537 3467 635 3544 foret,
666 3466 896 3529 Germanorum
919 3468 1049 3534 catervis
1075 3473 1210 3555 complet
1230 3473 1333 3536 assul-

309 3592 396 3646 tante
427 3602 486 3664 per
516 3601 643 3663 campos
673 3582 789 3666 equite.
846 3580 939 3644 simul
970 3604 1068 3648 naves
1098 3588 1133 3648 in
1165 3585 1331 3652 adversum

309 3716 432 3760 amnem
455 3697 639 3778 agebantur.
678 3696 752 3760 hinc
781 3704 1001 3760 veteranarum
1033 3699 1209 3763 cohortium
1231 3700 1328 3780 sigua,

307 3805 383 3872 inde
412 3809 615 3894 depromptae
647 3811 733 3876 silvis
761 3811 902 3896 lucisque
932 3813 1070 3876 ferarum
1098 3815 1263 3896 imagines,
1294 3828 1331 3878 ut

308 3923 422 4006 cuique
445 3928 529 4005 genti
550 3927 631 3992 inire
651 3927 807 4012 proelium
829 3947 897 3990 uros
920 3939 983 3990 eet:
1008 3930 1112 4000 {mixta
1132 3931 1208 3994 belli
1229 3931 1330 3994 civilis

307 4039 494 4124 externique
517 4042 595 4106 facie
617 4045 892 4127 obstupefecerant
914 4040 1067 4108 obsessos.
1111 4056 1143 4106 et
1163 4065 1251 4126 spem
1270 4063 1329 4125 op·

305 4157 513 4236 pugnantium
534 4163 667 4239 augebat
694 4159 866 4244 asnplitudo
895 4158 987 4240 valli,
1019 4160 1106 4245 quod
1130 4160 1252 4226 duabus
1281 4163 1328 4224 le·
