2959 4875
482 407 545 477 EX
566 405 821 480 ANNALIBUS
1116 409 1160 476 bl

132 591 295 666 sumptum
320 601 487 666 nunquam
516 581 680 648 omisisset.
725 581 809 644 falso
838 579 993 649 libertatis
1021 583 1161 646 voeabu-

133 698 206 760 lum
233 694 362 760 obtendi
391 698 431 758 ab
458 695 586 780 hisqui
608 694 757 778 priuatim
784 694 969 776 degeneres,
1000 699 1034 760 in
1054 698 1161 779 publi·

136 831 211 874 cum
230 808 355 874 exitiosi
375 811 456 875 nihil
472 813 541 892 spei
559 811 622 874 nisi
640 829 700 892 per
720 807 890 873 discordias
905 811 1051 875 babeant.
1094 808 1162 872 Ad·

137 926 299 1004 strepebat
325 922 399 984 hine
428 923 529 988 elene
557 924 686 1001 uulgus,
719 934 751 984 et
770 941 883 1001 magno
906 922 1161 992 interbnrburos

136 1037 261 1119 proelio
282 1036 479 1114 vietorrex,
512 1034 585 1100 (lein
607 1033 745 1100 secunde
765 1038 895 1100 fortune
921 1035 964 1112 ad,
983 1037 1160 1118 snperbiam

136 1151 307 1232 prolapsus
328 1151 518 1234 pulsusque,
532 1173 588 1216 ‚ee
605 1171 715 1214 rursus
740 1149 1026 1230 Langobardorum
1046 1149 1161 1231 opibus

136 1267 275 1331 refectus
296 1268 473 1348 pertaesa,
492 1285 552 1348 per
571 1263 703 1330 adverse
723 1286 776 1330 res
797 1269 961 1332 cherusees
983 1267 1162 1330 afflictabat.

224 1381 287 1442 Per
312 1379 397 1445 idem
425 1393 547 1462 tempus
576 1379 693 1446 Gnuehi
719 1383 808 1446 nulla
830 1380 1031 1451 dissensione
1060 1379 1156 1459 domi,
1177 1394 1264 1457 11‚18

141 1505 174 1556 et
193 1507 293 1558 morte
313 1492 482 1577 Sanquinii
500 1497 632 1575 alacres,
662 1495 736 1560 dum
762 1495 904 1562 Corbulo
924 1497 1089 1576 eduentot,
1112 1497 1162 1556 in-

140 1611 289 1677 feriorem
320 1611 751 1680 Ger-menismineursevere
782 1609 861 1676 duee
893 1610 1076 1684 Gannasco,
1106 1611 1164 1692 qui

140 1725 269 1788 natione
291 1723 498 1802 Canninelns,
523 1726 677 1790 auxiliare
702 1725 895 1808 stipendium
917 1726 1062 1801 meritus,
1090 1735 1164 1807 post

139 1838 320 1917 transfugo,
348 1839 620 1919 leuibusnevigiis
642 1838 888 1922 praedabundus
909 1840 1073 1910 Gallorum
1096 1859 1164 1903 me-

138 1950 230 2012 xime
254 1971 341 2015 orem
359 1955 509 2031 uastabat,
531 1975 599 2018 non
619 1955 747 2035 ignarus
770 1955 850 2018 dites
871 1968 903 2017 et
922 1955 1064 2019 imbelles
1082 1974 1165 2018 esse.

139 2064 186 2124 At
207 2061 349 2128 Corbulo
376 2066 572 2147 prouinciam
600 2066 759 2148 ingressus
787 2087 900 2148 magna
928 2089 1000 2128 eum
1027 2086 1102 2128 eum
1132 2077 1164 2127 et

140 2197 220 2242 mox
240 2179 346 2270 glorie,
368 2182 418 2243 cui
439 2180 630 2266 principium
654 2183 710 2245 illa
731 2181 841 2246 militia
862 2181 933 2260 fuit,
955 2180 1099 2245 triremes
1118 2179 1164 2240 al-

139 2314 206 2360 ueo
235 2293 354 2374 Rheni,
385 2308 503 2360 ceteras
528 2298 670 2376 nervium,
701 2308 737 2364 ut
763 2317 908 2379 quaeque
939 2295 1078 2372 habiles,
1106 2313 1164 2375 per

140 2411 298 2477 aestuaris
322 2424 354 2477 et
374 2413 472 2481 losses
500 2411 618 2495 adegit,
645 2408 1167 2495 lintribusque-hostiumuepres·

141 2524 186 2591 sis
213 2538 245 2589 et
270 2529 438 2592 exturbato
460 2526 640 2603 Gannasco,
667 2526 724 2591 ubi
745 2526 922 2607 praesentis
943 2524 1016 2587 satis
1036 2542 1165 2604 compo·

141 2640 203 2703 sita
228 2653 318 2720 sunt,
346 2641 485 2721 legiones
513 2660 652 2721 operum
671 2652 701 2705 et
723 2640 841 2702 loboris
866 2640 1006 2717 ignaras,
1030 2638 1171 2719 populn-⁴

140 2756 282 2821 tionibus
302 2759 471 2837 laetantes,
496 2769 635 2822 veterem
657 2754 696 2819 ed
718 2776 841 2821 morem
860 2753 1005 2831 reduxit,
1032 2775 1072 2816 ne
1094 2753 1166 2836 quis

142 2873 264 2953 agmine
287 2872 450 2939 decederet
470 2891 528 2935 nee
549 2892 685 2955 pugnem
710 2873 771 2935 nisi
790 2876 893 2951 iussus
910 2869 1017 2934 iniret.
1059 2866 1168 2932 statio·

142 3012 217 3070 nes,
238 2992 379 3073 uigiliae,
401 2989 514 3055 diurne
533 3004 751 3072 nocturnaque
770 2988 879 3051 munis
899 2987 934 3055 in
955 2985 1049 3051 amris
1071 2988 1168 3065 agite-

143 3111 269 3173 bnntur.
311 3107 494 3190 Feruntque
517 3106 656 3182 militem,
678 3106 758 3188 quia·
775 3104 893 3166 uassum
913 3121 979 3162 non
1003 3099 1174 3191 accinctus,

145 3234 250 3305 etque
269 3217 385 3299 elium,
424 3219 500 3304 quie
529 3219 667 3303 pugione
696 3227 832 3281 tsntum-
852 3214 1007 3280 eecinetus
1021 3209 1168 3286 -foderet,

145 3346 247 3397 morte
269 3334 416 3413 punitos..
451 3331 665 3415 quaesistis,
688 3342 718 3393 et
738 3328 894 3394 incertum
915 3349 955 3393 nn
977 3327 1057 3398 fuleo
1077 3330 1167 3406 jaste,

145 3448 298 3529 originem
317 3460 421 3513 temen
443 3470 460 3511 e
480 3448 649 3515 severitate
672 3445 760 3511 ducis
782 3458 921 3524 traxere,
946 3444 1178 3526 intentumque,

146 3574 179 3625 et
196 3562 318 3644 magnis
340 3561 459 3625 delictis
479 3562 709 3628 inexorabilem
733 3561 829 3636 scies,
858 3559 910 3625 eui
935 3570 1057 3621 tantum
1078 3574 1177 3634 ειμι

101 3742 108 3753 ι
144 3670 245 3735 ritetis
267 3670 360 3738 etiem
383 3665 533 3733 aduersus
551 3672 636 3737 leuis
661 3669 875 3738 credebatur.¹
979 3685 983 3694 ·

231 3782 378 3847 Ceterum
412 3782 440 3847 is
471 3794 575 3846 terror
602 3782 717 3855 milites
745 3781 914 3863 hostesque
942 3779 977 3838 in
1010 3773 1168 3838 diversum
1186 3781 1270 3846 tl‚ls

144 3898 258 3965 effecit.
301 3918 360 3963 noe
380 3900 531 3964 uirtutem
560 3897 723 3975 auximus,
758 3895 883 3962 barbari
902 3891 1051 3956 ferociam
1070 3892 1169 3953 infre·

144 4034 228 4094 gere.
270 4015 310 4077 Et
332 4013 418 4076 natio
442 4014 619 4077 Frisiorum
648 4025 720 4095 post
741 4010 944 4074 rebellionem
970 4005 1056 4070 clade
1077 4006 1170 4069 Lucii

146 4126 281 4208 Apronii
302 4139 445 4209 coeptam
471 4127 608 4195 infense,
622 4140 676 4190 aut
705 4129 785 4193 mele
813 4122 875 4189 fida
901 4121 980 4187 detis
995 4121 1169 4188 obsidibus
