2959 4875
457 449 518 515 [ill
543 449 796 518 ANNALIBUS
1091 451 1135 518 33

119 626 204 687 simul
223 636 255 685 et
273 623 388 684 infensi
409 621 596 686 condebant.
636 625 777 686 Primum
800 628 991 692 exstruendo
1012 632 1134 693 tumulo

121 739 280 820 caespitem
306 758 412 801 caesar
439 739 545 820 posuit
566 740 738 820 gratissimo
760 764 892 806 munere
915 744 949 804 in
971 744 1135 807 defunctos

122 866 151 916 et
168 854 386 936 praesentibus
409 853 527 916 doloris
548 857 661 919 socius.
704 853 798 932 Quod
811 858 940 923 Tiberio
956 858 1042 921 haud
1060 882 1136 941 pro-

121 971 242 1046 batum,
272 988 329 1030 seu
350 980 461 1030 cuncta
486 966 665 1032 Germanici
685 969 720 1029 in
741 968 877 1034 deterius
898 973 1050 1049 trahenti,
1071 973 1136 1034 sive

123 1084 289 1146 exercitum
317 1081 450 1161 imagine
479 1101 644 1145 caesorum
669 1083 961 1169 insepultorumque
982 1084 1137 1149 tardatum

121 1198 159 1262 ad
177 1199 308 1282 proelia,
328 1210 359 1259 et
383 1196 666 1281 formidolosiorem
686 1201 825 1264 hostiurn
847 1202 1010 1267 credebat:
1033 1225 1137 1287 neque

121 1317 339 1397 imperatorem
361 1325 513 1394 auguratu
534 1327 565 1376 et
587 1315 800 1381 vetustissimis
821 1320 1024 1383 caeremoniis
1046 1341 1138 1402 prae·

121 1431 217 1493 ditum
241 1440 404 1492 attrectare
426 1425 536 1491 feralia
557 1426 711 1492 debuisse.

202 1540 266 1606 sed
292 1541 496 1605 Germanicus
518 1539 680 1605 cedentem
702 1542 736 1603 in
759 1543 828 1606 aria
852 1540 1030 1609 Arminium
1050 1567 1138 1608 secu.
1156 1552 1221 1611 t‚ss
1291 1523 1303 1533 ¹

120 1673 179 1738 tus,
201 1660 257 1722 uhi
277 1659 412 1742 primum
436 1658 527 1738 copia
549 1656 627 1735 luit,
650 1657 741 1720 evehi
763 1661 903 1743 eqmlm,
924 1682 1140 1746 campumque,

122 1795 215 1859 quem
245 1772 344 1835 hostie
374 1769 551 1848 insederat,
584 1769 663 1853 eripi
695 1773 792 1850 jubet.
845 1773 1007 1838 Arminius
1038 1777 1141 1857 colligi

121 1909 196 1952 suos
218 1897 250 1949 et
269 1884 483 1968 propinquare
504 1883 591 1949 silvis
611 1885 749 1948 monitos
771 1889 866 1952 uertit
886 1901 1034 1973 repente:
1065 1910 1141 1953 mox

120 2004 248 2082 signum
267 1996 492 2081 prorumpendi
513 1995 598 2060 dedit
619 1996 676 2074 iis,
703 2018 784 2080 quos
803 2021 863 2081 per
887 2003 984 2062 saltus
1005 2003 1143 2064 occulta-

120 2128 222 2183 verat.
263 2126 339 2178 tunc
365 2133 449 2178 nora
470 2113 536 2176 acie
564 2113 709 2176 turbatus
732 2133 847 2196 eques,
871 2113 1046 2198 missaeque
1067 2118 1144 2179 suh-

120 2229 266 2295 sidiariae
287 2229 431 2292 cohortes
459 2241 491 2292 et
519 2227 705 2310 fugientium
727 2228 849 2310 agmine
872 2229 1025 2314 impulsae
1044 2253 1143 2297 auxe-

120 2357 194 2408 rant
221 2343 522 2433 consternationem,
547 2339 820 2428 trudebanturque
842 2343 876 2408 in
897 2344 1045 2426 paludem
1066 2369 1143 2428 gna·

120 2481 191 2523 ram
210 2458 426 2533 vincentibus,
454 2456 595 2541 iniquam
619 2458 748 2536 nesciis,
779 2460 815 2521 ni
840 2480 948 2523 caesar
974 2460 1143 2542 productas

120 2574 261 2654 legiones
281 2571 490 2633 instruxisset.
532 2568 606 2632 inde
634 2572 779 2634 hostibus
799 2581 922 2652 terror,
951 2572 1065 2635 fiducia
1084 2574 1143 2635 mi-

121 2688 188 2750 liti:
223 2698 255 2749 et
282 2684 428 2748 manibus
458 2684 566 2767 aequis
595 2686 784 2746 abscessum.
832 2686 915 2748 Mox
941 2684 1072 2752 reducto
1104 2689 1144 2751 ad

123 2800 275 2862 Amisiam
301 2798 439 2861 exercitu
462 2798 601 2878 legiones
626 2798 739 2877 classe,
767 2808 804 2859 ut
825 2797 1011 2879 advexerat,
1035 2822 1145 2883 repor-

123 2926 186 2993 tat,
217 2930 293 2995 pars
321 2912 463 2997 equitum
492 2914 586 2976 litore
617 2914 726 2976 oceani
750 2925 859 2995 petere
883 2914 1030 2978 Rhenum
1050 2921 1146 2996 jussa.

122 3028 263 3091 Caecina
287 3027 342 3111 qui
367 3048 459 3091 suum
480 3030 610 3093 militem
633 3029 767 3095 ducebat
786 3032 942 3110 monitus,
965 3053 1147 3117 quanquam

121 3142 210 3204 notis
238 3142 405 3223 itineribus
434 3142 669 3223 regrederetur,
698 3155 812 3225 pontes
832 3145 944 3223 longos
966 3166 1059 3227 quam
1081 3166 1148 3205 ma-

121 3258 260 3320 turrime
281 3276 443 3339 superare.
493 3260 653 3338 Angustus
675 3256 703 3318 is
728 3268 844 3319 mames
864 3268 967 3320 rastas
987 3256 1072 3319 inter
1092 3280 1149 3340 pa·

121 3372 217 3435 ludes
247 3382 279 3433 et
304 3368 464 3454 quondam
493 3392 511 3431 a
536 3369 637 3433 Lucio
667 3368 811 3433 Domitio
837 3382 1015 3451 aggeratus:
1048 3384 1150 3435 cetera

121 3486 258 3564 limosa,
278 3484 400 3547 tenacia
417 3482 505 3565 gravi
528 3504 627 3547 coeno
650 3495 705 3546 aut
724 3482 802 3548 rivis
823 3483 943 3547 incerta
964 3499 1070 3561 erant,
1091 3488 1151 3549 cir·

124 3624 202 3665 curn
232 3602 329 3666 silvae
354 3599 505 3682 paulatim
530 3596 676 3678 acclives,
708 3618 787 3683 quas
812 3608 881 3661 tum
907 3599 1067 3661 Arminius
1092 3597 1152 3658 im·

122 3718 245 3799 plevit,
272 3712 465 3799 compendiis
485 3715 609 3779 viarum
635 3726 666 3779 et
688 3715 750 3779 cito
773 3714 896 3795 agmine
917 3724 1066 3776 onustum
1087 3732 1154 3773 sar-

126 3828 212 3892 cinis
246 3829 404 3910 armisque
437 3828 564 3893 militem
600 3849 698 3912 quum
732 3827 950 3893 antevenisset.
1003 3823 1155 3889 Caecinae
1189 3830 1193 3838 ’

126 3945 305 4023 dubitanti,
339 3964 479 4027 quonam
504 3941 599 4008 modo
619 3954 731 4026 ruptos
757 3950 910 4005 vetustate
930 3951 1044 4022 pontes
1062 3961 1157 4022 repo-

21 4108 23 4125 ,
126 4071 225 4120 neret
257 4058 413 4141 simulque
443 4059 644 4139 propulsaret
673 4057 815 4133 hostem,
850 4065 949 4117 castra
980 4054 1090 4118 metari
1123 4056 1158 4117 in

21 4180 23 4247 ξ
126 4172 205 4235 loco
227 4172 355 4252 placuit,
376 4184 412 4235 ut
434 4194 523 4255 opus,
546 4186 575 4235 et
598 4171 651 4235 alii
671 4169 825 4255 proelium
848 4170 1036 4253 inciperent.

856 4292 875 4345 3
