2959 4875
341 430 385 495 ca
498 510 501 514 ,
688 422 750 489 nx
775 420 1010 489 utsronns

340 600 459 677 integre
489 604 677 659 mutaverat.
727 612 784 655 nec
812 592 986 657 consularis
1006 590 1099 673 legati
1122 613 1288 673 mensura,
1320 596 1376 659 sed

342 710 375 771 in
398 713 498 786 majus
525 706 631 770 omnia
651 706 894 788 accipiebantur.
937 719 972 768 ut
993 705 1141 770 Vitellius
1169 706 1254 789 apud
1282 728 1375 775 seve-

340 846 394 888 ros
415 822 564 900 humilis,
589 822 632 884 ita
654 821 831 885 comitatem
856 820 1092 904 bonitatemque
1114 822 1255 888 faventes
1277 847 1373 891 voca.

339 941 433 1017 bant,
456 934 542 1021 quod
565 935 632 999 sine
652 932 768 1013 modo,
797 936 863 997 sine
884 932 1000 1013 judicio
1023 933 1157 997 donaret
1180 955 1255 1015 sua,
1276 940 1371 1019 largi-

336 1065 428 1113 retur
448 1050 566 1114 abana:
601 1051 694 1113 simul
722 1048 869 1113 aviditate
899 1047 1076 1130 imperandi
1105 1050 1175 1132 ipsa
1202 1051 1277 1115 vitia
1307 1075 1368 1135 pro

338 1166 507 1227 virtutibus
533 1165 832 1246 interpretabantur.
880 1165 975 1226 Multi
1001 1165 1037 1227 in
1062 1177 1199 1249 utroque
1226 1170 1365 1231 exercitu

236 1354 244 1361 ,
339 1282 420 1345 sicut
439 1280 572 1344 modesti
595 1281 756 1365 quietique
778 1281 821 1344 ita
839 1281 915 1343 mali
936 1293 966 1342 et
988 1282 1127 1345 strenui:
1157 1282 1212 1347 sed
1233 1286 1366 1366 profusa

339 1366 485 1479 cupidine
517 1407 548 1457 et
576 1396 690 1474 insigni
721 1393 894 1457 temeritate
922 1394 1015 1474 legati
1044 1394 1202 1475 legionum
1233 1398 1365 1459 Alienus
1462 1424 1463 1481 j

340 1508 475 1573 caecina
504 1521 535 1571 et
561 1508 679 1571 santus
708 1507 845 1583 varens,
882 1526 899 1566 a
932 1506 1047 1589 annus
1075 1508 1194 1569 varens
1221 1508 1363 1572 infensus
1462 1488 1463 1575 T

340 1626 476 1702 Galbae,
508 1636 659 1707 tanquam
683 1619 834 1684 detectam
860 1641 880 1681 a
905 1640 938 1681 aa
959 1620 1103 1701 Verginii
1123 1623 1363 1704 cunctationem,
1462 1620 1463 1629 ’

332 1759 489 1821 ‘oppressa
523 1735 684 1817 Capitonis
720 1733 849 1796 consilia
881 1732 1002 1812 ingrate
1036 1735 1171 1813 odisset,
1212 1733 1363 1815 instigare
1462 1756 1463 1827 j

337 1852 502 1914 Vitellium
536 1848 682 1913 ardorem
718 1848 853 1911 militnm
889 1852 1084 1911 ostentara‘
1108 1849 1211 1930 ipsum
1242 1851 1364 1915 celebri
1462 1906 1463 1923 .

336 1966 456 2047 ubique
478 1966 581 2041 tama,
613 1964 731 2025 nullam
754 1961 789 2021 in
810 1960 923 2025 Flacco
943 1959 1129 2027 Hordeonio
1146 1984 1285 2042 moram,
1312 1966 1360 2028 af.

335 2082 404 2143 fora
432 2079 643 2157 Britanniam,
677 2090 822 2142 secutura
852 2075 1082 2140 Germanorum
1112 2077 1246 2157 auxilia,
1277 2079 1359 2141 male

330 2194 413 2258 iidas
428 2193 615 2276 provincias,
636 2194 815 2275 precarium
829 2190 897 2253 seni
914 2190 1081 2272 imperium
1099 2205 1132 2254 et
1145 2191 1241 2257 breri'
1254 2203 1357 2255 trans-

329 2311 462 2368 iturum.
515 2304 669 2388 panderet
697 2304 793 2369 modo
824 2306 942 2380 sinum,
979 2315 1011 2365 et
1039 2303 1179 2367 uenienti
1208 2305 1356 2367 fortunae
1462 2342 1463 2397 3

334 2433 520 2486 occurreret.
561 2419 672 2483 merito
700 2417 858 2482 dubitasse
887 2418 1073 2501 Verginium
1104 2423 1243 2506 equestri
1261 2423 1355 2488 fami·
1462 2507 1463 2518 ἵ

332 2535 384 2612 lia,
405 2536 511 2616 ignoto
532 2547 641 2617 patre,
663 2535 835 2617 imparem,
864 2536 890 2598 si
909 2537 1077 2618 recepisset
1097 2537 1283 2620 imperium,
1302 2552 1355 2602 tu·

332 2663 414 2729 tum,
435 2652 463 2713 si
484 2663 666 2714 recusasset.
709 2649 838 2712 Vitellio
860 2661 924 2712 tres
945 2651 1040 2732 patris
1064 2653 1256 2731 consulatus,
1280 2675 1354 2718 cen-

330 2788 453 2844 suram,
484 2767 647 2847 collegium
673 2765 806 2832 caesaris
829 2779 860 2828 et
885 2765 1046 2846 imponere
1066 2770 1129 2844 jam
1150 2765 1272 2848 pridem
1291 2767 1352 2830 im-

329 2885 482 2964 peratoris
504 2881 714 2962 dignationem
734 2894 766 2944 et
791 2883 914 2942 auferre
937 2881 1052 2962 privati
1073 2883 1279 2945 securitatem.

247 3023 315 3084 353
415 2993 622 3070 Quatiebatur
652 2993 702 3055 his
733 3013 826 3074 segne
858 2993 1020 3074 ingenium
1050 3008 1086 3057 ut
1118 2997 1351 3077 concupisceret

328 3109 425 3191 magis
455 3131 550 3194 quam
577 3123 614 3172 nt
644 3123 794 3192 speraret.
847 3109 890 3172 m
919 3108 954 3171 in
986 3110 1148 3192 superiore
1180 3111 1350 3174 Germania

328 3223 464 3287 Caecina
484 3224 598 3289 decora
616 3230 762 3305 juventa,
786 3227 919 3307 corpore
942 3226 1060 3305 ingens,
1083 3225 1179 3288 animi
1202 3223 1349 3288 immodi-

327 3359 392 3416 cus,
413 3341 490 3403 scito
512 3361 666 3419 sermone,
690 3353 795 3405 erecto
816 3341 939 3402 incessu
961 3339 1064 3402 studia
1082 3339 1214 3402 militum
1235 3338 1350 3400 illexe-

325 3465 385 3516 rat.
426 3456 520 3516 Hunc
542 3458 688 3533 juvenem
719 3456 819 3518 Galba
848 3470 1046 3540 quaestorem
1073 3458 1109 3519 in
1134 3456 1262 3519 Baetica
1286 3452 1349 3518 im·

323 3572 411 3652 pigre
438 3570 472 3632 in
504 3581 607 3650 partes
637 3589 709 3632 suaa
740 3582 968 3651 nansgressum
1000 3570 1116 3652 legioni
1145 3569 1347 3651 praeposuit3

322 3705 399 3748 mox
425 3696 618 3767 compertum
647 3684 805 3765 publicam
831 3689 995 3768 pecuniam
1018 3687 1223 3751 avertissent
1249 3705 1347 3766 pecu·

321 3797 453 3860 latorem
480 3798 613 3881 flagitari
639 3798 738 3876 jussit.
791 3796 924 3861 Caecina
954 3821 1044 3880 aegre
1075 3819 1186 3880 passus
1215 3799 1345 3860 miscere

321 3923 431 3972 cuncta
466 3927 497 3975 et
527 3913 650 3994 privata
680 3915 812 3978 vulnera
845 3916 892 3976 rei
921 3913 1065 3996 publicae
1094 3915 1185 3976 malis
1220 3912 1344 3994 operire

319 4026 434 4085 statuit.
476 4024 544 4087 Nee
562 4024 690 4087 deerant
707 4027 743 4086 in
761 4009 899 4089 exercitu
915 4027 1034 4089 sentina
1050 4027 1235 4105 discordiae,
1256 4024 1344 4109 quod

319 4149 349 4198 et
367 4137 450 4198 bello
474 4135 623 4202 adversus
644 4138 809 4204 Vindicem
832 4141 997 4207 universus
1020 4146 1171 4224 allueret,
1201 4164 1257 4204 nec
1280 4142 1343 4204 nisi
