2959 4875
315 434 360 501 80
659 430 723 499 EX
745 430 982 499 HISTORIIS

316 620 430 691 gantur
448 606 529 673 duce
549 609 678 693 Aquilio
699 608 904 693 primipilari,
929 628 1045 671 nomen
1067 606 1163 687 magis
1186 606 1348 670 exercitus

317 746 414 809 quam
433 726 551 787 robure
578 725 697 807 quippe
725 723 848 788 viribus
874 722 1052 786 cohortium
1073 719 1216 784 abductis
1241 722 1347 784 Vitel-

316 838 379 901 lius
395 860 414 900 e
427 836 580 920 proximis
595 835 788 903 Nerviorum
805 836 1100 919 Germanorumque
1114 835 1200 918 pagis
1216 855 1346 917 segnem

320 972 487 1014 numerum
505 934 601 1013 armis
622 961 819 1015 oneraverat.

232 1104 319 1169 44⁰.
402 1063 513 1129 Civilis
539 1062 614 1127 dolo
635 1060 839 1145 gramandum
858 1073 946 1125 ranis
966 1059 1122 1126 incusavit
1144 1063 1228 1125 ultro
1250 1080 1345 1142 pras·
1465 1120 1466 1133 ,

318 1178 415 1240 fectos
445 1175 532 1259 quod
558 1178 683 1239 castella
712 1175 937 1241 deseruissent:
969 1196 1003 1239 se
1034 1194 1107 1239 cum
1134 1176 1263 1240 cohorte
1292 1177 1345 1238 cui

317 1304 461 1374 praeerat
481 1292 711 1355 canninefstem
731 1288 901 1355 tumultum
922 1311 1192 1373 compressurum:
1217 1290 1265 1352 illi
1286 1308 1345 1352 sus

319 1411 454 1492 quisque
479 1408 614 1472 hiberna
643 1418 832 1489 repeterent.
874 1405 1009 1469 Subesse
1037 1406 1184 1470 staudem
1212 1406 1344 1471 consilio
1466 1452 1467 1473 1

318 1536 350 1587 et
378 1522 534 1605 dispersae
563 1524 709 1587 cohortes
737 1521 860 1585 facilius
884 1520 1037 1603 opprimi,
1067 1542 1126 1583 nec
1146 1521 1344 1583 Brinnonem
1467 1547 1468 1561 κ

318 1636 431 1700 ducem
451 1642 518 1715 ejus
540 1638 617 1699 belli
636 1634 692 1700 sed
714 1634 846 1700 Ciuilem
867 1655 934 1698 esse
954 1634 1074 1716 patuit,
1104 1635 1343 1716 erumpentibus

317 1751 471 1834 paulatim
490 1748 630 1826 indiciis,
654 1770 736 1831 quas
757 1746 924 1826 Germani,
951 1749 1034 1810 laeta
1054 1747 1137 1811 bello
1159 1766 1251 1827 gens,
1275 1766 1346 1809 non

318 1866 375 1929 diu
396 1868 639 1931 occultaverant.
679 1863 746 1928 Ubi
767 1862 900 1925 insidiae
921 1863 1032 1947 paroni
1057 1863 1189 1939 omme,
1214 1860 1347 1925 adsint
1468 1838 1469 1895 l

317 1993 529 2061 transgmssus
549 1954 790 2058 Canninefates,
810 1978 947 2059 Frisios,
970 1976 1107 2045 Bsmvos
1127 1972 1269 2061 'propriis
1288 1998 1346 2039 co·

318 2095 386 2157 neis
407 2093 578 2175 componit.
603 2093 749 2157 -Direota
771 2115 811 2156 ex
840 2092 963 2158 diverso
985 2092 1066 2157 acies
1087 2091 1172 2155 haud
1192 2094 1305 2173 procul
1325 2112 1346 2153 a
1469 2148 1470 2173 ,

258 2238 262 2244 »
317 2206 449 2270 flumine
467 2207 584 2269 Rheno
603 2219 634 2269 et
653 2207 797 2271 obuersis
818 2207 853 2268 in
875 2206 997 2271 hostem
1018 2207 1169 2284 navibus,
1194 2226 1273 2290 quas
1293 2205 1346 2267 in·
1469 2224 1470 2237 ¹

295 2298 420 2383 'censis
441 2321 574 2383 castellis
594 2319 670 2379 illuc
697 2319 894 2400 appulerant.
942 2319 1009 2383 Nee
1036 2316 1091 2381 diu
1115 2330 1233 2381 certato
1254 2319 1347 2380 Tun·

319 2452 449 2513 grorum
476 2432 591 2494 cohors
611 2430 700 2511 signa
721 2428 761 2493 ad
783 2428 916 2500 Civilem
941 2432 1115 2511 transtulit,
1144 2430 1346 2515 perculsique
1470 2479 1471 2486 .

318 2547 431 2610 milites
452 2547 626 2628 improuisa
645 2544 827 2628 proditione
849 2571 867 2610 a
895 2549 986 2611 sociis
1007 2549 1214 2632 hostibusque
1235 2545 1346 2612 caede·

318 2663 446 2724 bantur.
487 2660 605 2724 Eadem
634 2662 729 2723 etiam
756 2662 890 2723 navibus
912 2659 1054 2742 perfidia.
1095 2683 1169 2745 pars
1190 2661 1345 2742 remigum

319 2795 337 2838 e
358 2773 485 2840 Batavis
506 2786 657 2857 tanquam
679 2775 837 2854 imperitia
855 2773 958 2836 officia
978 2788 1145 2841 nautarum
1163 2795 1347 2857 propugna-

318 2902 487 2972 torumque
509 2887 733 2970 impediebant.
774 2909 852 2952 mox
875 2898 984 2952 contra
1001 2891 1148 2970 tendere,
1170 2902 1201 2953 et
1221 2909 1347 2973 puppes

318 3003 427 3064 hostii
445 3003 535 3084 ripae
556 3005 704 3079 objicere.
748 3001 787 3064 ad
809 3007 1002 3086 postremum
1022 3009 1247 3087 gubernatores
1271 3027 1347 3070 cen·

318 3117 526 3199 turionesque
553 3115 616 3177 nisi
645 3113 755 3178 eadem
777 3119 920 3181 volentes
947 3119 1122 3199 trucidant,
1151 3119 1252 3184 donec
1273 3119 1346 3182 uni·

317 3252 409 3294 versa
431 3243 584 3314 quartum
603 3245 635 3295 et
651 3232 762 3312 viginti
783 3235 912 3299 navium
934 3235 1038 3299 classis
1060 3237 1269 3318 transfugeret
1289 3247 1347 3298 aut

318 3356 493 3423 caperetur.
926 3351 929 3356 '

234 3485 305 3550 ψ
406 3456 498 3520 Clara
522 3477 561 3518 es
587 3455 720 3520 victoria
750 3455 784 3518 in
816 3477 983 3540 praesens,
1011 3461 1226 3544 inposterum
1253 3465 1345 3528 usui:

319 3587 468 3653 armaque
490 3582 522 3632 et
548 3589 645 3635 naves
671 3571 787 3654 quibus
815 3571 997 3655 indigebant
1025 3575 1130 3660 adepti
1149 3599 1261 3659 magna
1284 3599 1346 3658 per

320 3687 503 3752 Germanias
525 3686 706 3772 Galliasque
735 3689 820 3752 fama
850 3691 1003 3756 hbertatis
1032 3707 1178 3757 auctores
1205 3695 1346 3756 celebra·

319 3804 444 3867 banmr.
487 3804 673 3869 Germaniae
701 3807 805 3870 statim
832 3809 946 3872 misere
973 3809 1090 3889 legatos
1118 3807 1236 3870 auxilio
1265 3807 1347 3871 olie-

318 3927 434 3978 rentes.
484 3918 657 3983 Galliarum
685 3921 861 4002 societatem
891 3922 998 3988 Civilis
1020 3935 1087 3984 arte
1112 3920 1267 4006 donisque
1297 3923 1346 3984 af-

318 4023 470 4104 fectabat,
500 4041 606 4112 captos
637 4033 815 4098 cohortium
834 4034 1015 4117 ‘praefectos
1043 4057 1115 4100 suas
1140 4037 1176 4099 in
1204 4035 1345 4100 civitates

318 4137 522 4218 remittendo,
553 4145 734 4208 cohortibus
766 4145 853 4210 abire
884 4167 925 4208 an
954 4167 1082 4212 manere
1111 4151 1241 4215 mallent
1263 4147 1346 4223 ,data
