2959 4875
330 445 373 514 ⁶2
667 441 727 512 EX
753 439 1009 510 ANNtutuus

245 632 317 696 usu
417 615 460 701 (a.
483 615 537 700 ts)
569 619 654 679 Dum
681 607 839 679 ea'aestas
861 613 1047 678 Gennanico
1066 615 1175 696 plures
1197 635 1256 697 per
1277 635 1355 698 pro·

328 730 447 798 vincias
475 729 672 811 transigitur,
702 728 789 795 haud
816 731 886 795 lave
903 719 1010 792 'decus
1040 729 1167 792 Drusus
1196 729 1355 812 quaesivit

327 846 457 907 illiciens
480 835 654 906 Germanos
676 831 926 921 adldtsm'rdtas,
943 831 1174 924 utque-fracto
1193 844 1258 918 iam
1278 841 1353 903 Ma-

328 955 473 1022 roboduo
494 956 649 1039 usquein
672 947 804 1018 anitium
825 955 1031 1018 insisteretur.
1072 953 1149 1015 Erat
1175 955 1258 1015 inter
1284 954 1352 1016 Go-

328 1061 441 1133 thones
462 1070 577 1132 nobilis
600 1068 725 1146 juvenis
747 1067 876 1130 nomine
895 1061 1068 1145 *Gatualdm
1097 1067 1251 1147 prolugus
1272 1067 1351 1129 olim

326 1180 578 1258 viMarobodui,
600 1193 631 1243 et
651 1193 725 1243 tuno
744 1175 848 1242 dubiis
867 1177 965 1241 rebus
983 1184 1050 1256 ejus
1070 1174 1222 1242 ultionem
1243 1199 1351 1245 ausus.

326 1303 356 1362 Is
386 1297 489 1364 valida
523 1317 619 1358 ntanu
654 1295 731 1357 fines
764 1296 1041 1356 Marcomanorum
1071 1285 1246 1374 ingreditur
1279 1315 1350 1358 eor-

325 1397 705 1493 rttptisque·primoribits
727 1405 766 1468 ad
791 1401 970 1469 societatem
989 1407 1137 1488 irrumpit
1155 1411 1274 1488 regiam
1296 1432 1348 1471 ca-

326 1511 511 1609 stellumque
525 1543 528 1550 ’
541 1529 631 1602 juxta
658 1521 763 1586 titum.
805 1509 927 1583 veteres
958 1507 1022 1583 illic
1051 1510 1348 1604 saaiorsmpme.

326 1643 383 1706 dae
408 1655 440 1704 et
460 1640 575 1704 nostris
596 1662 613 1702 e
636 1626 809 1722 provinciis
827 1638 911 1700 lixae
937 1659 972 1699 sc
993 1636 1201 1717 negotiatores
1219 1623 1349 1720 isperti,

326 1769 406 1840 quos
422 1741 475 1833 'jus
496 1753 681 1828 commercii,
706 1747 924 1830 dein²cupido1
937 1741 1264 1832 attgendipee‘ttniarn,
1287 1769 1349 1833 po·

324 1883 474 1933 strennum
496 1867 624 1932 oblivio*
635 1865 756 1950 patriae
776 1865 840 1928 suis
859 1877 1016 1950 quamque
1032 1863 1086 1930 'ab‘
1099 1855 1223 1930 sedibus
1242 1867 1348 1930 hosti.

323 1986 441 2048 lem'ln
463 2003 571 2064 agrum
593 1969 806 2044 transtulerat.
858 2012 862 2018 ·
891 1982 895 2020 ¹
933 1981 958 2021 ¹>
1116 1971 1122 2018 3
1250 1997 1254 2005 ’

240 2113 310 2174 ‘ast-t
407 2091 608 2163 Maroboduo
637 2087 777 2179 undique
810 2084 946 2156 dese'rto·
964 2111 1036 2157 non¹
1058 2094 1146 2160 eliud
1169 2091 1345 2160 subsidium

298 2215 303 2222 ”
325 2235 419 2298 quam
434 2211 646 2275 misericordia
661 2199 793 2272 caesaris
808 2212 877 2273 luit.
898 2220 902 2229 '
921 2199 1130 2290 'transgressus
1147 2209 1344 2291 Danubium,

326 2349 389 2410 qua
409 2327 549 2388 noricam
569 2313 764 2406 provinciam
778 2315 948 2406 praefluit,
970 2314 1094 2407 scripsit
1110 2321 1258 2404 Tiberio,
1278 2349 1344 2391 non

325 2454 360 2502 nt
380 2442 533 2522 profirgus
555 2449 611 2501 aut
628 2437 777 2519 supplex,
800 2434 854 2500 sed
876 2433 922 2500 ex'-
936 2439 1086 2503 memoria
1105 2441 1222 2521 prioris
1242 2442 1345 2504 fomut-

324 2574 401 2619 nae:
431 2575 504 2616 nam
533 2552 638 2615 multis
667 2553 847 2615 nationibus
875 2552 1080 2618 clarissimum
1105 2549 1267 2639 quondam
1291 2576 1345 2620 re·

322 2692 392 2751 gem
423 2668 462 2735 ad
487 2689 522 2732 se
553 2670 738 2733 vocantibus
766 2688 928 2732 romanam
955 2670 1121 2732 amicitiam
1148 2670 1344 2752 praetulisse.

322 2789 519 2871 Responsum
541 2810 560 2849 a
581 2778 721 2864 caesare,
742 2797 840 2847 tutam
862 2784 892 2846 ei
914 2786 1162 2869 honoratamque
1181 2784 1285 2850 sedam
1307 2788 1344 2850 in

322 2906 410 2967 ltalia
433 2906 512 2983 fore,
535 2903 562 2965 si
582 2914 739 2964 manerets
758 2892 809 2962 ‘sin
829 2902 925 2961 rebus
949 2906 1015 2978 ejus
1037 2898 1122 2962 aliud
1143 2898 1342 2978 conduceret,

323 3018 480 3079 abiturum
503 3015 564 3079 fide
585 3034 649 3098 qna
667 3005 814 3077 venisset.
857 3025 992 3075 cctemm
1014 3010 1098 3094 apud
1118 3026 1260 3075 senatum
1277 3011 1344 3075 dis·

322 3132 421 3195 seruit
441 3149 507 3192 non
528 3120 710 3210 Philippum
731 3124 990 3204 Atheniensibus,
1019 3146 1085 3190 nou
1105 3127 1264 3209 Pyrrhum
1288 3140 1345 3189 aut

322 3232 511 3308 Antiochum
540 3245 666 3326 populo*
691 3242 836 3305 Romano
866 3239 999 3324 periodo
1026 3240 1211 3306 metuendos
1233 3242 1344 3305 luisse.

321 3356 431 3419 Exstat
453 3358 571 3436 oratio,
604 3350 666 3441 qua
687 3353 933 3437 magnitudinem
955 3357 1033 3436 viri,
1061 3347 1242 3420 siolcntiam
1263 3360 1343 3419 sub-

319 3475 469 3551 jectarum
492 3470 522 3532 ei
550 3470 688 3551 gentium
711 3480 745 3531 et
764 3486 861 3552 quant
887 3462 1090 3552 propinquus
1114 3468 1221 3535 Italiae
1240 3469 1341 3533 hostis

320 3605 439 3669 suaque
466 3584 500 3646 in
530 3580 718 3646 destruendo
749 3602 788 3645 eo
810 3582 939 3647 consilis
960 3578 1080 3649 exutit'.
1128 3580 1168 3645 Et
1187 3582 1343 3646 Marobo-

319 3698 400 3765 duus
425 3690 550 3785 quidem
573 3696 742 3761 Ravennae
763 3697 897 3774 habitus,
920 3692 1096 3783 siquando
1118 3696 1342 3759 insolescerent

318 3811 430 3893 suevi,
465 3814 556 3897 quasi
585 3808 744 3875 rediturus
775 3811 809 3872 in
842 3829 975 3889 regnum
1006 3807 1232 3874 ostentabatur.
1283 3807 1340 3872 sed

317 3944 383 3987 uon
408 3926 539 3990 excessit
564 3928 651 3993 Italia
672 3948 730 4010 per
751 3924 966 4007 duodeviginti
988 3946 1088 3989 annos
1110 3925 1340 4008 consenuitque

316 4038 448 4101 multum
475 4040 639 4104 imminuta
671 4044 810 4106 claritate
840 4044 882 4105 ob
911 4040 1039 4103 nimiam
1066 4039 1194 4106 vivendi
1215 4038 1341 4122 cupidi·

315 4172 397 4215 nem.
450 4151 537 4215 ldetn
572 4152 742 4218 Catualdae
773 4176 861 4219 casus
894 4174 997 4239 neque
1029 4153 1115 4218 aliud
1149 4155 1340 4238 perfugium.
