2959 4875
327 427 370 494 20
719 418 950 490 ounmlmn

329 599 420 670 dibus
452 599 662 682 perculerunt.
713 597 794 662 Mox
822 599 962 678 ingentes
990 591 1058 673 cajt
1088 595 1219 660 caesaris
1247 597 1356 662 minae

328 718 361 780 in
383 713 555 779 ludibrium
575 731 694 778 versae.
736 709 814 773 Inde
836 710 953 787 otium3
982 706 1082 770 donec
1103 711 1266 772 occasione
1289 710 1355 777 dis·

329 829 452 896 cordine
477 841 601 893 nostrae
632 841 661 890 et
690 825 829 891 civilium
856 845 1017 888 armorum
1046 826 1232 906 expugnatis
1252 828 1354 908 legio-

329 965 406 1010 num
427 942 577 1022 hibernis,
599 940 691 1002 otiam
714 938 829 1000 Gallias
852 937 1050 1016 affectavere,
1073 958 1107 998 ac
1125 958 1236 1002 rursus
1256 941 1353 1022 pulsi,

328 1056 400 1122 iudo
430 1056 582 1140 proximis
606 1052 802 1134 temporibus
824 1049 1009 1132 triumphati
1034 1048 1131 1130 magis
1160 1073 1257 1134 qnam
1277 1052 1353 1118 victi

329 1181 411 1234 sunt.

280 1294 316 1342 tte
411 1282 505 1348 Nuus
528 1279 566 1343 de
589 1278 698 1344 Suavis
721 1277 886 1344 dicendum
909 1288 964 1353 cst,
987 1295 1122 1358 quorum
1144 1295 1208 1338 non
1230 1297 1296 1336 una
1316 1288 1353 1338 ut

277 1436 281 1445 ·
328 1396 513 1460 Chattorum
535 1395 802 1458 Tencterorumve
823 1411 915 1471 gens:
940 1392 1092 1469 majorem
1114 1387 1197 1448 enim
1218 1387 1352 1450 Germa·

327 1512 397 1574 nias
427 1521 548 1592 portem
571 1507 731 1583 obtinent,
762 1503 900 1586 propriis
922 1500 1024 1564 adhuc
1046 1501 1227 1564 nationibus
1248 1503 1352 1565 nomi.

326 1628 483 1710 nibusqua
505 1623 646 1701 discreti,
671 1641 853 1706 quanquam
874 1621 1093 1683 incommune
1116 1617 1213 1682 Snevi
1233 1638 1352 1681 rocen-

327 1754 389 1805 tur.
436 1740 560 1820 Insigne
584 1738 682 1820 gentis
705 1737 868 1820 obliquare
890 1736 1007 1797 crinem
1028 1733 1176 1816 nodoque
1197 1737 1352 1797 substrin-

326 1877 409 1940 gere.
459 1854 502 1918 sic
525 1852 619 1916 Suevi
649 1875 667 1916 a
692 1850 802 1914 ceteris
822 1851 1004 1927 Germanis,
1034 1849 1078 1912 sic
1099 1848 1275 1914 Suevorum
1299 1852 1351 1913 in-

327 1970 460 2052 gennis
481 1969 578 2032 sorvis
602 1979 800 2047 separantur.
840 1966 875 2026 in
901 1965 969 2028 aliis
990 1964 1135 2043 gentibus
1157 1984 1212 2025 seu
1236 1983 1348 2044 cogua-

326 2083 411 2148 tIone
435 2081 539 2166 aliqua
561 2079 754 2158 Suevorum',
785 2102 857 2157 seu,
879 2077 966 2166 quod
989 2099 1081 2159 saepe
1103 2077 1227 2156 accidit,
1248 2080 1351 2141 imita-

325 2196 431 2271 tione,
459 2215 566 2258 rarum
596 2207 626 2256 et
654 2195 737 2255 intra
765 2198 911 2269 juventae
940 2192 1090 2272 spatium:
1123 2189 1208 2274 apud
1229 2192 1351 2256 Suevos

327 2327 427 2390 usque
449 2303 488 2366 nd
514 2305 657 2371 canitiem
681 2305 861 2370 horrentem
885 2305 1033 2383 capillum
1053 2317 1138 2366 retro
1162 2318 1351 2390 sequuntur,

328 2442 363 2485 ac
383 2440 477 2501 saepe
498 2417 531 2479 in
551 2416 621 2500 ipso
643 2415 760 2483 uertice
789 2417 929 2496 religant.
978 2417 1136 2500 principes
1160 2432 1190 2482 et
1211 2421 1351 2485 ornatio·

327 2558 394 2599 rem
412 2537 540 2599 ltobent.
584 2556 619 2597 eo
640 2556 714 2597 oum
733 2535 864 2609 formae,
884 2530 939 2593 sed
956 2532 1124 2598 innoxiae:
1145 2536 1351 2619 nequeenim

328 2662 362 2712 ut
384 2662 488 2713 ament
509 2660 710 2725 ornamurve,
739 2649 774 2710 in
797 2646 993 2711 altitudinem
1017 2648 1177 2731 quandam
1197 2662 1228 2713 et
1247 2664 1350 2715 terro-

233 2779 235 2787 ·
326 2784 394 2829 rom
416 2761 532 2827 adituri
556 2765 640 2829 bellu
662 2764 796 2847 compti,
823 2778 859 2827 ut
879 2764 1016 2827 hostium
1041 2764 1154 2841 oculis,
1185 2780 1351 2831 ornantur.

278 2899 314 2949 ss
411 2878 645 2943 Vetustissimos
667 2898 699 2943 se
722 2878 997 2959 nobilissimosque
1018 2876 1196 2941 Sueuorum
1215 2879 1351 2946 Semno-

326 3014 382 3057 nes
419 3005 605 3057 memorsnt.
671 2990 748 3057 fides
784 2992 976 3074 antiquitatis
1010 2994 1163 3074 religione
1194 2994 1351 3061 firmatur.

326 3103 414 3169 Stato
440 3114 581 3189 tempore
602 3104 636 3167 in
656 3105 767 3170 silvam
793 3105 931 3187 auguriis
949 3117 1075 3186 patrum
1097 3121 1129 3171 et
1153 3109 1254 3190 prisca
1281 3110 1350 3173 ior-

325 3218 443 3283 midine
463 3240 582 3283 sacram
604 3239 713 3283 omnes
735 3216 874 3297 ejusdem
901 3218 1060 3299 sanguinis
1086 3222 1198 3302 populi
1218 3223 1350 3301 legatio-

325 3335 419 3399 nibus
449 3348 562 3401 coeunt
590 3355 745 3420 caesoque
773 3334 900 3415 publice
927 3335 1056 3396 homine
1084 3338 1243 3399 celebrent
1273 3342 1349 3402 ber-

325 3455 396 3519 bari
421 3453 501 3516 ritus
529 3454 688 3517 horrendo
715 3452 900 3537 primordia.
942 3454 998 3518 Est
1025 3468 1055 3516 et
1080 3456 1143 3517 alia
1163 3458 1235 3521 luco
1255 3480 1350 3524 reve·

325 3571 441 3635 nentis:
471 3588 565 3632 nemo
595 3569 658 3631 nisi
683 3570 811 3633 vinerdo
839 3569 952 3649 ligatus
977 3569 1153 3649 ingreditur
1179 3584 1216 3633 nt
1243 3572 1350 3637 minor

327 3696 357 3749 et
385 3694 571 3768 potestatem
599 3686 737 3749 numinis
768 3707 846 3766 prae
875 3704 908 3747 se
937 3686 1052 3748 lenens.
1102 3686 1130 3749 si
1157 3687 1240 3748 lorto
1270 3707 1349 3767 pro-

324 3798 431 3879 lapsus
459 3811 521 3869 est,
551 3797 650 3861 attolli
681 3810 711 3859 et
737 3798 900 3879 insurgere
928 3798 1014 3862 hatrd
1039 3798 1178 3860 licitum:
1206 3820 1266 3878 per
1286 3800 1349 3861 lm·

326 3928 413 3971 mum
449 3914 650 3987 evolvuntur,
710 3912 821 3994 quue
858 3913 960 3973 omnis
996 3908 1178 3989 superstitio
1209 3911 1350 3993 respicit,

326 4030 477 4099 tanquam
503 4022 576 4084 inde
603 4024 690 4086 initio
711 4025 828 4103 gentis,
857 4023 904 4084 ibi
924 4034 1072 4100 regnator
1095 4023 1238 4086 omnium
1258 4020 1349 4100 dens,

326 4143 427 4193 retem
448 4134 585 4207 subjecto
608 4148 700 4219 atquo
721 4135 873 4217 petentis.
915 4133 1029 4213 Adjicit
1047 4139 1262 4199 animositatem
1281 4139 1348 4199 lor·
