2959 4875
338 452 402 519 loo
690 448 755 517 nx
774 446 1010 519 HISTORIIS

336 639 383 689 tes
403 624 592 707 Vespasiani
613 637 814 707 transgressa.
864 634 1007 707 praeerat
1032 620 1133 686 Iulius
1160 619 1363 701 Briganticus

336 758 446 803 sorore
469 738 577 803 Civilis
603 739 742 821 genitus,
771 752 806 803 ut
834 740 932 803 fermo
959 738 1110 802 acerrima
1137 737 1361 823 proxImorum

336 852 411 917 odia
429 865 518 933 sunt,
538 852 660 917 inrisus
681 854 838 917 arnncttlo
859 853 1075 937 infensusque.
1115 851 1218 915 Tutor
1238 851 1360 915 Treve-

334 990 445 1032 rorum
466 968 572 1051 copias
595 969 714 1031 recenti
734 966 951 1047 vangionum,
981 965 1212 1043 Caeracatium,
1240 965 1360 1028 Tribo-

336 1104 445 1146 corum
470 1081 593 1146 delectu
614 1093 718 1145 auctas
739 1093 889 1144 veterano
914 1077 1018 1161 pedite
1046 1092 1140 1162 atque
1170 1078 1274 1161 equita
1301 1078 1359 1139 fir·

335 1198 447 1274 mavit,
476 1196 632 1277 corruptis
654 1216 709 1278 spe
731 1208 785 1259 aut
806 1210 892 1259 metu
918 1196 1051 1259 subactis
1072 1193 1269 1274 legionariis,
1300 1192 1358 1277 qui

334 1312 438 1393 primo
467 1312 631 1376 cohortem
662 1310 864 1391 praemissam
894 1330 912 1373 a
939 1307 1071 1371 Sextilio
1102 1307 1205 1370 Felice
1236 1306 1357 1369 interfi-

335 1424 436 1503 ciunt,
458 1444 537 1486 mox
556 1424 612 1485 ubi
633 1419 728 1484 duces
750 1421 967 1505 exercitusque
988 1441 1139 1485 romanus
1159 1422 1357 1503 propinqua-

335 1540 426 1617 bant,
447 1539 581 1601 bonecto
603 1537 775 1617 transfugio
798 1535 936 1612 rediere,
959 1535 1072 1599 sectetis
1091 1535 1243 1613 Tribocis,
1265 1536 1357 1599 Vau-

333 1655 542 1737 gionibnsque
571 1666 603 1715 at
629 1651 858 1718 Caeracatibus.
900 1653 1003 1715 Tutor
1030 1652 1176 1714 Treveris
1203 1650 1357 1713 comitan-

333 1766 434 1843 tibus,
456 1765 554 1828 vitato
573 1765 790 1845 Mogontiaco,
812 1763 959 1844 Bingium
983 1764 1133 1828 concessit
1152 1762 1251 1827 fidens
1269 1764 1357 1835 loco,

333 1877 409 1959 quia
437 1891 565 1959 pontem
593 1876 703 1941 Navae
733 1874 874 1943 fluminis
904 1878 1083 1960 abruperat.
1133 1876 1197 1941 Sed
1224 1877 1356 1941 incursu

333 1992 511 2053 cohortium
536 2012 614 2074 quaa
641 1991 793 2056 Sextiliue
820 1989 953 2057 ducebat
974 2004 1005 2059 et
1027 2004 1152 2074 reperto
1174 1990 1257 2057 vado
1279 2012 1358 2075 pro-

333 2104 416 2169 ditur
448 2108 611 2190 fususqua.
669 2128 708 2171 ea
737 2105 825 2171 clade
855 2104 991 2191 perculsi
1024 2106 1157 2169 Treveri
1187 2118 1217 2169 et
1245 2105 1356 2187 plebes

333 2224 454 2285 omissis
476 2225 570 2285 armis
592 2242 762 2306 peragras
783 2225 924 2303 palatur:
948 2221 1077 2308 quidam
1098 2223 1297 2305 principum,
1319 2238 1356 2285 ut

332 2336 426 2419 primi
446 2340 588 2418 posuisse
616 2339 734 2399 bellum
755 2336 953 2417 viderentur,
983 2339 1017 2401 in
1040 2339 1176 2403 civitates
1199 2359 1280 2421 quaa
1300 2359 1355 2403 eo·

331 2452 472 2514 rietatem
492 2471 654 2514 romanam
675 2469 740 2514 non
763 2465 917 2516 exuerant
937 2453 1115 2534 perfugere.
1154 2452 1311 2532 Legiones
1333 2477 1355 2516 a

330 2564 470 2630 Novesio
489 2568 666 2650 Bonnaque
686 2567 722 2629 in
742 2568 908 2645 Treveros,
932 2578 967 2630 ut
987 2587 1083 2649 supra
1102 2567 1354 2644 memoravimus,

330 2681 490 2746 traductae
519 2701 552 2744 se
579 2683 668 2763 ipsae
693 2683 729 2744 in
757 2685 855 2748 verba
876 2681 1065 2763 Vespasiani
1084 2680 1225 2762 adigunt.
1264 2681 1352 2744 Haec

330 2795 501 2860 Valentino
534 2796 661 2858 absente
694 2808 797 2874 geata3
843 2795 899 2878 qui
933 2795 990 2858 ubi
1022 2793 1209 2860 adventabat
1243 2797 1353 2858 furens

332 2921 506 2992 cunctaque
535 2928 645 2970 rursus
679 2908 712 2968 in
744 2907 851 2974 turbae
882 2920 913 2973 ot
945 2907 1100 2972 excidium
1132 2929 1353 2986 conversurus,

329 3024 467 3103 legiones
488 3024 522 3085 in
542 3021 813 3102 Mediomatricos,
834 3022 952 3086 sociam
973 3023 1143 3105 civitatem,
1164 3027 1354 3088 abscessere.

330 3137 519 3200 Valentinus
539 3159 574 3200 ac
596 3137 698 3200 Tutor
716 3138 751 3200 in
773 3159 860 3202 arma
880 3139 1037 3204 Treveros
1057 3141 1239 3219 retrahunt,
1268 3142 1353 3204 occi-

328 3253 371 3315 sis
391 3251 554 3315 Herennio
571 3273 607 3315 ac
627 3252 773 3318 Numisio
792 3254 911 3336 legatis,
933 3275 997 3339 quo
1019 3254 1142 3318 minore
1163 3275 1218 3337 spa
1238 3253 1351 3317 veniae

329 3381 482 3432 cresceret
501 3370 663 3433 vinculum
684 3369 819 3431 sceleris.

246 3479 315 3543 t,t1
413 3479 473 3540 Hic
503 3480 579 3540 belli
608 3491 705 3543 status
733 3493 816 3558 erat,
849 3501 946 3563 quum
967 3481 1096 3547 Petilius
1120 3481 1250 3546 Cerialis
1277 3483 1352 3546 Ma.

328 3594 506 3675 gontiacunr
520 3592 618 3658 venit.
655 3599 721 3673 ejus
738 3591 874 3660 adventu
892 3609 1011 3662 erectae
1026 3617 1108 3679 apes.
1143 3597 1211 3680 ipae
1225 3616 1351 3677 pugnae

328 3705 439 3770 avidus
463 3720 494 3772 et
519 3708 755 3772 contemnendis
778 3732 872 3793 quam
900 3710 1047 3776 carendis
1073 3711 1217 3776 hostibus
1236 3710 1352 3774 mellor

327 3821 447 3885 ferocia
465 3826 634 3888 verborum
655 3827 784 3890 militem
805 3827 1006 3905 incendebat,
1033 3828 1089 3890 ubi
1112 3827 1252 3909 primum
1272 3845 1351 3890 con·

327 3932 416 4012 gredi
443 3935 595 4012 licuisset,
630 3940 748 4003 nullam
777 3940 898 4022 proelio
929 3961 1049 4005 moram
1082 3940 1232 4004 facturus.
1281 3939 1351 4000 De·

326 4045 424 4106 lecms
445 4067 502 4126 per
526 4047 661 4112 Galliam
681 4051 804 4118 habitos
827 4054 861 4115 in
885 4052 1023 4117 civitates
1049 4052 1180 4118 remittit
1206 4072 1242 4116 ao
1263 4071 1350 4114 nnn·

326 4159 404 4222 tiara
433 4163 520 4237 jubet
550 4162 693 4228 sufficere
723 4166 857 4248 imputo
887 4163 1041 4248 legiones:
1074 4161 1152 4234 eoctt
1177 4167 1219 4234 ad
1238 4167 1350 4232 munta
