2959 4875
246 370 257 380 ·
312 435 374 498 tot
660 426 723 495 EX
747 422 980 495 HISTORIIS

227 615 295 677 eor
394 602 517 667 Interea
549 591 649 665 lulius
684 599 820 665 Sabinus
856 600 1001 681 projectis
1037 594 1174 663 foederis
1208 593 1335 663 rammi

312 717 513 781 monimentis
542 736 697 781 caesarem
724 738 759 781 se
789 714 918 780 salutari
947 718 1035 793 iubet
1064 733 1271 797 magnamque
1303 724 1335 775 et

312 830 504 895 inconditam
525 832 727 915 popularium
747 835 873 897 turbam
895 832 930 894 in
951 828 1115 915 Sequanos
1135 828 1234 910 rapit,
1258 848 1335 891 con·

313 944 479 1009 terminum
508 946 663 1009 civitatem
695 959 726 1009 et
757 946 850 1010 nobie
880 942 985 1009 iidem.
1026 964 1085 1007 nec
1111 938 1251 1025 Sequani
1280 938 1336 1002 de·

314 1072 486 1126 tractavere
520 1075 686 1137 certamen.
745 1064 875 1127 fortuna
906 1062 1090 1127 melioribus
1125 1057 1234 1121 affuit:
1272 1057 1336 1121 fusi

316 1173 485 1254 Lingones.
534 1174 670 1239 Sabinus
699 1174 878 1238 festinatum
898 1186 1014 1238 temere
1036 1176 1154 1237 bellum
1177 1171 1247 1255 pari
1269 1171 1335 1233 ior·

317 1286 434 1349 midine
456 1288 602 1351 deseruit.
643 1299 743 1371 utque
762 1287 879 1349 famam
900 1288 986 1351 exitii
1006 1286 1056 1353 sui
1074 1286 1206 1365 iaceret,
1228 1283 1337 1348 villam

316 1402 351 1464 in
374 1422 468 1485 quam
490 1403 670 1484 perfugerat
692 1402 858 1479 cremavit,
884 1402 947 1465 illic
967 1398 1145 1465 voluntarie
1164 1409 1266 1461 morte
1286 1397 1336 1459 in·

317 1514 425 1579 terisse
455 1515 602 1579 creditus·
642 1512 706 1579 Sed
732 1517 849 1600 quibus
877 1515 996 1579 artibus
1024 1515 1216 1596 latebrisque
1238 1511 1337 1576 vitam

318 1647 377 1708 per
396 1648 511 1693 novem
530 1648 607 1692 mox
629 1647 728 1693 annos
749 1626 939 1706 traduxerit,
961 1628 1054 1691 simul
1073 1626 1246 1689 amicorum
1268 1628 1337 1701 ejus

318 1744 522 1807 constantiam
544 1756 574 1806 et
593 1744 714 1827 insigne
733 1743 919 1826 Epponinae
940 1745 1050 1809 uxoris
1075 1743 1254 1823 exemplum
1277 1758 1338 1801 suo

317 1857 388 1919 loco
411 1855 588 1921 reddemus.
601 1852 634 1942 *)
676 1857 898 1945 Sequanorum
919 1880 1072 1945 prospera
1097 1858 1161 1921 acie
1181 1855 1258 1919 belli
1276 1856 1339 1918 im·

318 1979 410 2049 petus
439 1969 534 2033 stetit.
593 1970 774 2055 resipiscere
806 1973 957 2056 paulatim
989 1974 1126 2039 civitates
1159 1965 1271 2055 iaeque
1308 1981 1341 2033 et

318 2076 449 2145 foedera
472 2081 644 2165 respicere,
675 2085 872 2169 principibus
898 2088 1023 2167 Remis,
1054 2089 1109 2172 qui
1136 2107 1196 2169 per
1222 2083 1341 2149 Gallias

319 2193 446 2260 edixere
472 2208 509 2260 ut
531 2196 633 2260 missis
656 2197 765 2279 legatis
789 2199 823 2263 in
851 2222 1014 2267 commune
1043 2200 1272 2277 consultarent,
1298 2197 1340 2260 Ii·

318 2314 422 2375 bertas
443 2334 484 2375 an
504 2334 569 2395 pax
588 2312 735 2397 placeret.

234 2485 303 2545 4,οθ
406 2486 449 2548 At
483 2484 602 2548 Romae
638 2498 749 2550 cuncta
779 2486 813 2550 in
851 2483 987 2551 deterius
1017 2485 1124 2550 audita
1153 2483 1341 2548 Mucianum

254 2666 257 2671 ,
318 2600 489 2678 angebant,
517 2619 558 2662 ne
587 2620 769 2686 quanquam
798 2601 911 2686 egregii
940 2600 1034 2664 duces
1062 2597 1138 2686 (jam
1158 2601 1242 2662 enim
1262 2598 1341 2661 Gal-

317 2715 384 2774 lum
414 2713 553 2776 Annium
584 2726 615 2777 ct
641 2716 787 2780 Petilium
818 2717 978 2781 Cerealem
1008 2712 1154 2798 elegerat)
1183 2735 1340 2779 summam

318 2825 394 2887 belli
423 2846 535 2907 parum
566 2813 736 2891 tolerarent
737 2873 967 2894 .......
1014 2829 1169 2910 Legiones
1196 2829 1340 2893 victrices

318 2951 405 3002 sexta
434 2952 465 3001 et
490 2951 616 3019 octava,
647 2942 877 3008 vitellianarum
899 2946 1156 3026 unaetviceeims,
1188 2964 1339 3010 ereceno

319 3055 502 3138 conscriptis
529 3052 666 3119 secunda
692 3058 840 3140 penninis
868 3062 1073 3146 cottianisque
1097 3062 1237 3144 alpibus,
1265 3080 1340 3146 pare

318 3180 426 3233 monte
452 3174 538 3250 grajo
568 3167 794 3237 traducuntur:
825 3186 938 3260 quarta
963 3173 1094 3239 decuma
1114 3176 1196 3258 legio
1224 3196 1241 3239 e
1266 3175 1341 3236 Bri-

318 3279 444 3361 tannia,
475 3293 562 3345 sexta
595 3303 631 3344 ac
661 3280 791 3347 decuma
822 3308 863 3350 ex
892 3287 1045 3370 Hispania
1074 3290 1198 3353 accitae.
1238 3289 1341 3368 Igitur

318 3395 473 3458 venientis
503 3398 657 3460 exercitus
686 3395 769 3460 sama
797 3411 827 3462 et
858 3414 969 3482 suopte
996 3402 1122 3483 ingenio
1153 3402 1191 3466 ad
1213 3403 1342 3467 mitiora

319 3505 504 3571 inclinantes
541 3507 714 3571 Galliarum
750 3509 887 3577 civitates
924 3512 960 3576 in
995 3513 1111 3579 Remos
1153 3537 1342 3580 convenere.

319 3623 532 3688 Treverorum
559 3622 672 3702 legatio
704 3622 768 3687 illic
801 3625 1025 3711 opperiebatur
1045 3630 1196 3693 acerrimo
1226 3627 1342 3691 instin-

320 3747 404 3799 ctore
422 3738 498 3802 belli
515 3737 621 3801 Tullio
638 3739 821 3806 Valentino.
862 3743 889 3807 is
904 3743 1053 3808 meditata
1069 3746 1211 3809 oratione
1228 3758 1342 3808 cuncta

320 3850 437 3930 niagnis
459 3852 596 3934 imperiis
625 3855 773 3930 objectari
795 3858 886 3922 solita
909 3861 1174 3944 contumeliasque
1207 3870 1238 3922 et
1258 3856 1342 3924 invi-

328 4029 767 4049 ...Ἢ

374 4147 400 4215 ·)
417 4148 439 4201 is
458 4149 532 4204 iocus
549 4151 634 4219 periit,
652 4152 695 4206 adt
712 4161 796 4208 tamen
815 4152 979 4208 Plutarchum
1000 4158 1024 4210 tn
1042 4159 1140 4212 erotico
1159 4161 1204 4213 2⁶.
