2959 4875
540 427 774 498 ernustus
1126 430 1169 495 23

144 609 278 689 cedunt,
310 622 414 674 truces
437 608 551 674 insitae
579 611 694 674 feritati
719 623 788 674 arte
815 633 852 674 ac
880 621 1021 694 tempore
1048 612 1166 673 lenoci-

141 738 281 789 nantur:
316 723 406 806 nigra
437 737 541 802 scuta,
573 724 667 788 tincta
687 745 838 807 corpora,
872 738 955 789 atras
976 724 1015 787 ad
1043 726 1166 806 proelia

142 855 252 905 noctes
282 843 407 922 legunt,
438 841 570 923 ipsaque
597 839 768 903 formidine
799 854 892 924 atque
920 845 1034 905 umbra
1060 843 1164 904 feralis

141 956 298 1018 exercitus
326 967 480 1018 terrorem
507 956 668 1037 inferunt3
706 958 796 1019 nullo
824 957 962 1019 hostium
991 957 1163 1019 sustinente

140 1091 262 1134 novum
280 1091 316 1132 ac
332 1071 418 1134 velut
432 1070 594 1132 infernum
610 1086 789 1155 aspectum:
812 1092 885 1134 narn
902 1071 995 1155 primi
1008 1069 1043 1131 in
1061 1070 1163 1132 omni·

139 1189 200 1248 bus
228 1187 358 1268 proeliis
386 1188 471 1250 oculi
498 1188 678 1252 vincuntur.
730 1190 832 1252 Trans
860 1187 977 1271 Lygios
999 1186 1162 1249 Gothones

138 1315 321 1383 regnantur,
344 1305 441 1384 paulo
461 1307 523 1381 jam
546 1303 710 1367 adductius
732 1325 828 1387 quam
848 1315 968 1368 ceterae
986 1300 1161 1363 Germano·

137 1437 211 1478 rum
229 1431 353 1497 gentes,
374 1417 517 1482 nondum
538 1432 643 1484 tamen
666 1438 763 1504 supra
783 1419 970 1483 libertatern.
1011 1416 1160 1480 Pnotinus

139 1526 255 1591 deinde
278 1533 319 1593 ab
348 1550 467 1593 oceano
493 1531 588 1612 Rugii
617 1545 648 1595 et
673 1531 827 1596 Lemovii.
868 1529 1083 1613 Omniumque
1103 1531 1160 1590 ha·

137 1661 211 1702 rum
239 1640 378 1722 gentium
409 1642 530 1724 insigne
559 1643 699 1708 rotunda
728 1657 833 1724 scuta,
864 1647 975 1708 breves
1004 1640 1098 1723 gladii
1129 1652 1160 1702 et

137 1771 211 1834 erga
230 1775 320 1834 reges
342 1754 539 1838 obsequium.

222 1864 378 1930 Suionum
402 1870 476 1931 hinc
499 1869 647 1949 civitates,
667 1869 737 1952 ipso
760 1872 795 1934 in
816 1891 943 1950 oceano,
963 1881 1088 1952 praeter
1110 1865 1157 1929 vi·
1170 1872 1206 1922 44

134 2000 193 2041 ros
221 2001 370 2064 armaque
398 1984 547 2047 elassibus
574 1986 690 2049 valent.
740 1986 843 2049 forma
868 1989 997 2051 navium
1028 2005 1065 2046 eo
1097 1981 1158 2045 dif-

134 2097 216 2173 fert,
259 2096 345 2178 quod
377 2099 523 2183 utrinque
555 2120 652 2180 prora
684 2113 828 2180 paratam
857 2121 980 2180 semper
1012 2099 1158 2179 appulsui

134 2212 274 2274 frontem
296 2215 367 2292 agit.
410 2236 468 2277 nec
488 2217 569 2280 velis
589 2215 825 2293 ministrantur,
846 2238 904 2278 nec
925 2234 1028 2277 remos
1048 2213 1084 2274 in
1104 2233 1156 2275 or-

136 2323 211 2386 dine
242 2326 395 2390 lateribus
423 2329 615 2410 adjungunt:
652 2331 807 2407 solutum,
837 2343 873 2392 ut
903 2333 936 2393 in
968 2327 1156 2413 quibusdam

134 2439 312 2521 fluminum,
335 2456 366 2504 et
386 2446 545 2522 mutabile,
566 2457 602 2508 ut
623 2464 672 2508 res
694 2448 804 2529 poscit,
825 2447 899 2509 hinc
923 2447 974 2509 vel
994 2446 1080 2507 illino
1103 2465 1154 2506 re-

134 2560 274 2638 migium.
315 2558 372 2623 Est
395 2559 479 2641 apud
501 2562 572 2623 illos
602 2573 633 2623 et
659 2560 773 2642 opibus
801 2564 921 2638 honos,
951 2582 1051 2644 eoque
1072 2580 1155 2621 unus

135 2673 310 2755 imperitat,
342 2673 437 2735 nullis
458 2664 527 2751 jam
549 2674 804 2755 exceptionibus,
837 2695 903 2737 non
923 2674 1065 2754 precario
1085 2677 1154 2748 jure

134 2788 278 2872 parendi.
330 2788 397 2852 Neo
426 2811 528 2866 arma,
561 2803 598 2852 ut
627 2786 714 2870 apud
746 2799 866 2850 eeteros
897 2788 1088 2860 Germanos,
1120 2784 1154 2845 in

134 2905 331 2986 promiscuo,
364 2902 420 2966 sed
447 2905 552 2964 clausa
582 2904 641 2964 sub
669 2900 797 2964 custode
829 2913 860 2963 et
888 2897 1016 2983 quidem
1043 2917 1153 2961 servo:

134 3020 208 3101 quia
230 3017 351 3082 subitos
372 3018 510 3081 hostium
533 3018 679 3081 incursus
700 3019 849 3101 prohibet
869 3035 1021 3093 oceanus,
1052 3016 1152 3077 otiosa

133 3152 232 3211 porro
268 3144 461 3194 armatorum
493 3153 605 3194 manus
637 3130 727 3193 facile
759 3131 935 3194 lasciviunt.
992 3128 1152 3191 enimvero

135 3266 239 3328 neque
261 3247 401 3309 nobilem
423 3266 526 3329 neque
547 3244 734 3324 ingenuum,
763 3264 803 3303 ne
824 3241 1006 3305 libertinum
1027 3239 1154 3324 quidem

134 3361 228 3422 armis
250 3380 445 3441 praeponere
468 3361 554 3441 regia
577 3362 691 3423 utilitas
714 3371 769 3423 est.

218 3476 321 3536 Trans
350 3473 485 3537 Suionas
515 3473 599 3536 aliud
628 3495 731 3550 mare,
762 3472 887 3555 pigrum
908 3494 944 3536 ac
969 3494 1070 3557 prope
1094 3474 1153 3537 im·
1163 3481 1198 3530 45

134 3598 273 3649 motum:
304 3607 369 3668 quo
392 3588 475 3667 cingi
494 3586 641 3669 cludique
663 3600 820 3651 terrarum
842 3589 951 3651 orbem
971 3584 1045 3650 hinc
1067 3583 1153 3664 fides,

135 3700 220 3782 quod
243 3714 400 3763 extremus
424 3700 562 3763 cadentis
588 3707 650 3778 inm
679 3702 754 3765 solis
782 3702 887 3782 fulgor
908 3702 943 3763 in
967 3711 1054 3765 ortus
1076 3697 1153 3761 edu·

132 3828 196 3894 rat,
224 3814 303 3877 adeo
324 3815 426 3876 clarus
448 3826 484 3876 ut
504 3814 604 3877 sidera
625 3816 762 3877 hebetet.
811 3835 924 3876 sonum
944 3810 1076 3893 insuper
1097 3833 1152 3873 au-

133 3927 210 4003 diri,
240 3929 358 3991 formas
387 3928 520 3991 deorum
547 3943 577 3993 et
605 3929 711 3993 radios
740 3928 850 4009 capitis
873 3926 969 4009 aspici
989 3928 1152 4009 persuasio

133 4041 247 4119 adjicit.
306 4043 385 4105 llluo
420 4066 542 4127 usque,
576 4057 608 4107 et
638 4044 720 4107 sarna
750 4063 843 4122 vera,
876 4053 998 4105 tantum
1030 4055 1152 4105 natura.

132 4155 213 4237 Ergo
242 4160 304 4233 jam
335 4154 447 4219 dextro
474 4158 591 4223 suevici
616 4156 710 4219 maris
735 4156 827 4218 litore
849 4155 1027 4220 Aestiorum
1047 4168 1153 4237 gentes
