2959 4875
520 412 753 480 GERMANIA
1107 422 1147 484 tt

127 591 275 668 anulum,
301 589 545 669 ignominiosum
566 587 600 650 id
622 589 723 669 genti,
751 592 837 653 velut
860 592 1021 654 vinculum
1042 603 1149 672 gestat,

125 701 227 766 donec
247 724 281 766 se
304 699 396 763 caede
415 703 512 764 hostis
533 702 684 764 absolvat.
725 703 870 782 plurImis
892 703 1075 766 Chattorum
1097 704 1149 766 hic

124 819 228 898 placet
248 816 385 894 habitus,
403 820 529 898 jamque
551 829 663 879 canent
684 815 822 897 insigues
842 831 874 880 et
894 821 1037 881 hostibus
1057 818 1150 881 simul

125 932 255 1013 suisque
278 932 452 992 monstrati.
494 933 635 994 omnium
655 953 754 1014 penes
775 934 835 996 hos
854 933 944 995 initia
962 955 1150 1015 pugnarum,

125 1049 204 1109 haec
228 1047 332 1128 prima
355 1068 480 1128 semper
499 1049 597 1126 acics,
627 1049 695 1112 visu
721 1070 815 1112 nova.
856 1071 930 1112 nam
958 1071 998 1112 ne
1018 1049 1053 1110 in
1075 1070 1152 1131 pace

127 1160 255 1243 quidem
288 1161 380 1225 vultu
408 1162 532 1224 mitIore
560 1176 793 1226 mansuescunt.
843 1163 932 1226 Nulli
957 1162 1069 1227 domus
1099 1175 1153 1226 aut

129 1296 203 1355 ager
230 1288 287 1337 aut
312 1276 417 1360 aliqua
446 1298 538 1357 cura3
566 1291 662 1358 prout
682 1278 721 1341 ud
745 1300 903 1363 quemque
923 1302 1039 1344 venere
1061 1282 1152 1342 alun-

129 1402 200 1468 tur,
229 1388 355 1471 prodigi
377 1388 486 1466 alieni,
517 1402 747 1473 contemptores
774 1393 840 1471 sui,
868 1391 968 1456 donec
989 1392 1154 1474 exsanguis

129 1516 275 1566 senectus
299 1516 364 1565 tam
386 1501 484 1564 durae
504 1501 615 1564 virtuti
638 1503 775 1584 impares
797 1506 900 1568 faciat.

216 1616 361 1678 Proximi
382 1615 501 1678 Chattis
525 1628 643 1677 certum
664 1619 727 1693 jam
749 1617 838 1681 alveo
859 1616 1015 1694 Rhenum,
1037 1617 1154 1700 quique
1167 1633 1203 1683 82

129 1733 284 1794 terminus
307 1752 373 1794 esse
395 1732 544 1811 sufficiat,
569 1731 661 1813 Usipi
683 1755 718 1794 ac
741 1733 888 1796 Tencteri
911 1736 1027 1798 colunt.
1070 1735 1155 1798 Teu·

131 1850 217 1926 cleri,
240 1867 336 1928 super
358 1847 482 1909 solitum
501 1849 655 1910 bellorum
676 1846 779 1927 decus,
804 1848 956 1932 equestris
974 1847 1155 1931 disciplinae

131 1974 201 2024 arte
222 1963 430 2043 praecellunt:
457 1982 515 2022 nec
542 1967 642 2041 major
669 1960 754 2042 apud
776 1962 904 2024 Chattos
925 1959 1065 2043 peditum
1087 1963 1155 2023 laus

131 2095 231 2160 quam
252 2073 409 2135 Tencteris
427 2074 578 2156 equitum.
622 2071 672 2136 Sic
692 2073 855 2135 instituere
876 2078 1019 2150 majores,
1039 2074 1159 2155 posteri

131 2191 307 2254 imitantur.
350 2189 383 2251 hi
404 2190 492 2251 lusus
512 2189 692 2266 infantium,
713 2189 790 2252 haec
810 2192 961 2269 juvenum
984 2191 1160 2267 aemulatio,

133 2318 339 2390 perseverant
367 2325 465 2368 senes.
514 2306 600 2368 Inter
628 2304 778 2366 familiam
810 2317 842 2368 ct
868 2316 1000 2387 penates
1031 2316 1061 2365 et
1089 2309 1159 2383 jura

135 2419 368 2485 successionum
398 2421 471 2504 equi
494 2419 679 2484 traduntur:
711 2420 826 2503 excipit
851 2419 935 2482 filius
961 2442 1026 2483 non
1053 2431 1087 2483 ut
1108 2442 1157 2483 ce-

136 2546 204 2597 tera
223 2533 379 2597 maximus
400 2546 489 2611 natu,
511 2534 564 2597 sed
588 2547 683 2616 prout
703 2536 798 2597 ferox
819 2534 902 2597 bello
924 2546 954 2595 et
976 2536 1099 2597 melior.

220 2648 317 2708 Juxta
344 2648 512 2711 Tencteros
540 2651 686 2711 Bructeri
716 2647 792 2711 olim
820 2652 1042 2730 occurrebant5
1074 2670 1159 2710 u11nc
1173 2664 1208 2712 33

139 2759 315 2825 Chamavos
343 2773 372 2822 et
406 2762 609 2843 Angrivarios
639 2762 832 2841 immigrasse
865 2774 1029 2839 narratur,
1062 2763 1160 2842 pulsis

138 2876 298 2937 Bructeris
327 2897 363 2938 ac
390 2875 516 2956 penitus
547 2875 658 2937 excisis
680 2874 855 2938 vicinarum
883 2893 1038 2935 consensu
1059 2872 1162 2934 natio·

141 3013 234 3067 num,
266 3013 323 3053 ceu
345 2992 510 3071 superbiae
534 2989 624 3067 odio,
659 3012 714 3053 seu
736 2989 871 3072 praedae
894 2988 1075 3067 dulcedine,
1106 3010 1162 3051 seu

142 3106 249 3169 favore
279 3103 415 3186 quodum
444 3125 517 3184 erga
544 3124 602 3165 nos
632 3101 775 3166 deorum.
817 3126 890 3166 nam
917 3126 958 3164 ne
987 3105 1162 3184 spectaculo

144 3209 271 3297 quidem
291 3212 407 3294 proelii
427 3211 585 3276 invidere:
607 3233 703 3294 super
723 3212 882 3289 sexaginta
906 3208 1005 3269 millia
1027 3228 1089 3269 non
1113 3228 1163 3268 ar-

143 3327 200 3389 mis
221 3328 355 3409 telisque
377 3329 533 3405 romanis,
553 3326 624 3405 sed,
645 3324 730 3410 quod
754 3322 998 3405 magnificentius
1021 3335 1083 3399 est,
1107 3326 1164 3387 ob-

144 3441 303 3504 lectationi
333 3442 493 3525 oculisque
523 3440 712 3505 ceciderunt.
759 3443 888 3504 Maneat
914 3460 1030 3523 quaeso
1061 3437 1165 3503 duret-

147 3577 207 3638 que
227 3557 390 3637 gentibus,
425 3559 536 3619 sinon
560 3579 648 3621 amor
671 3560 788 3639 nostri,
820 3571 852 3621 at
873 3569 955 3622 certe
977 3555 1084 3620 odium
1108 3557 1168 3630 sui,

149 3668 275 3751 quando
300 3670 335 3731 in
365 3672 549 3749 urgentibus
576 3670 703 3751 imperii
726 3671 797 3734 fatis
824 3671 904 3733 nihil
924 3674 987 3747 jam
1007 3678 1166 3749 praestare

148 3782 276 3846 fortuna
296 3787 396 3861 majus
417 3796 530 3867 potest,
555 3806 651 3867 quam
670 3786 809 3847 hostium
829 3780 1026 3846 discordiam.

234 3902 438 3981 Angrivarios
460 3915 490 3965 et
514 3900 689 3965 Chamavos
711 3923 730 3962 a
750 3915 836 3981 tergo
854 3896 1019 3975 Dulgibini
1041 3908 1074 3998 et
1088 3895 1169 3959 Cha·
1182 3916 1217 3965 ³4

151 4016 246 4078 suarii
269 4014 400 4079 cludunt
418 4019 560 4101 aliaeque
580 4028 697 4099 gentes,
718 4015 803 4078 haud
820 4010 952 4097 perinde
971 4026 1171 4076 memoratae.

153 4132 294 4195 esronte
318 4132 411 4196 Frisii
434 4134 605 4216 excipiunt.
648 4134 820 4211 majoribus
845 4130 1084 4214 minoribusque
1103 4129 1173 4192 Fri·

896 4254 912 4288 ‘)
