2959 4875
492 432 556 503 EX
581 435 817 505 HISTORIIS
1123 442 1168 509 85

140 610 288 693 gionibus
311 608 407 671 situm
433 608 489 674 vix
517 610 779 695 quinquemillia
805 621 997 675 armatorum
1018 631 1167 677 romano·

139 744 213 786 rum
244 724 424 785 tuebantur.
478 720 534 785 aed
562 713 699 787 lixarum
735 722 903 789 multitudo
932 728 1058 790 turbata
1088 748 1165 810 pace

139 826 204 901 illic
225 849 410 919 congregata
431 849 462 899 et
482 825 567 901 bello
588 827 731 902 ministra
752 837 869 903 aderat.

224 955 302 1014 Pars
330 964 504 1015 castrorum
531 951 566 1012 in
591 952 703 1014 collem
729 952 843 1015 leniter
874 973 1061 1035 exsurgens,
1089 975 1164 1037 pars
1176 962 1245 1028 aas

140 1086 243 1150 aequo
272 1055 429 1128 adibatur.
470 1062 589 1148 quippe
615 1057 680 1127 illis
707 1065 849 1130 hibernIs
879 1065 1016 1129 obsideri
1046 1068 1163 1150 premi·

140 1202 203 1265 que
225 1181 408 1244 Germanias
429 1179 589 1260 Augustus
615 1170 806 1260 crediderat,
840 1200 945 1267 neque
965 1202 1107 1265 unquam
1127 1181 1161 1245 id

138 1297 311 1373 nselmum,
343 1306 380 1358 ut
406 1307 622 1378 oppugnatum
649 1282 735 1358 ultro
750 1290 895 1377 ¹legiones
920 1310 1044 1360 nostras
1070 1297 1159 1364 teni-

138 1418 220 1470 rent.
261 1405 336 1469 inde
357 1426 422 1469 non
449 1407 519 1470 loco
546 1429 651 1492 neque
670 1408 873 1474 munimentis
898 1412 991 1473 labor
1018 1408 1158 1474 additus:

138 1520 187 1584 vis
215 1534 246 1583 et
270 1542 358 1583 arma
385 1522 459 1585 satis
487 1524 661 1605 placebant.
710 1525 824 1589 Batavi
851 1526 1159 1609 Transrhenanique,

139 1656 206 1719 quo
228 1635 361 1699 discreta
380 1640 481 1702 virtus
506 1640 703 1703 manifestius
730 1652 941 1723 spectaretur,
972 1641 1032 1704 sibi
1060 1660 1156 1724 quae-

138 1772 203 1832 que
222 1771 297 1831 gens
319 1752 510 1830 consistunt,
530 1751 655 1815 eminus
674 1756 870 1817 lacessentes.
913 1756 989 1817 Post
1012 1754 1068 1816 ubi
1088 1755 1157 1835 ple-

137 1855 237 1946 raque
264 1866 400 1927 telorum
426 1866 567 1931 turribus
593 1864 761 1951 pinnisque
785 1868 947 1931 moenium
967 1866 1057 1931 irrita
1082 1860 1156 1931 hae·

135 1979 255 2040 rebant
280 1988 312 2039 et
337 1976 472 2062 desuper
495 1979 580 2042 saxis
607 1981 872 2060 vulnerabantur,
902 1983 1039 2044 clamore
1061 1991 1155 2063 atque

135 2093 259 2175 impetu
284 2092 426 2157 invasere
454 2090 591 2174 uallum,
621 2096 773 2177 appositis
799 2090 943 2179 plerique
969 2090 1074 2171 scalis,
1103 2092 1157 2155 alii

134 2229 195 2289 per
226 2207 412 2271 testudinem
446 2228 589 2274 suorum.
641 2207 895 2293 scandebantque
928 2206 1003 2288 jam'
1027 2205 1156 2291 quidam

136 2342 241 2403 quum
268 2319 381 2401 gladiIs'
404 2334 437 2383 et
463 2322 624 2385 armom'm
649 2324 777 2386 incussu
793 2322 998 2407 praecipitati
1011 2320 1155 2387 'sudibus

136 2448 169 2500 et
189 2436 263 2519 pilis
286 2439 484 2517 obruuntur,
508 2434 707 2522 praeferoces
727 2441 819 2505 initio
842 2453 873 2504 et
892 2443 989 2504 rebus
1011 2436 1155 2504 secundis

135 2554 236 2616 nimii.
279 2551 342 2616 Sed
369 2565 436 2616 tum
465 2552 601 2635 praedae
626 2553 773 2637 cupidine
801 2553 932 2620 adversa
958 2572 1086 2636 quoque
1107 2564 1155 2613 to·

133 2669 291 2746 lerabant,
310 2668 471 2731 machinas
489 2669 592 2746 etiam,
612 2669 773 2731 insolitum
795 2666 865 2747 sibi,
890 2667 968 2731 ausi.
1011 2687 1069 2728 nec
1091 2667 1156 2729 ulla

133 2784 212 2865 ipsis
231 2785 385 2846 sollertia:
406 2783 556 2864 perfugae
574 2784 751 2865 captivique
774 2780 928 2844 docebant
948 2793 1068 2842 struere
1089 2799 1156 2840 ma·

134 2900 230 2964 terias
250 2899 284 2960 in
308 2896 440 2962 modum
460 2898 583 2981 pontis,
595 2897 684 2959 'mox
704 2897 853 2974 subjectis
872 2896 949 2957 rotis
968 2892 1155 2974 propellere,

134 3029 173 3080 ut
185 3017 239 3080 alii
254 3027 466 3098 superstantes
478 3027 629 3099 tanquam
644 3033 686 3076 ex
698 3033 808 3094 aggere
825 3009 1065 3094 proeliarentur,
1083 3027 1156 3089 pars

134 3130 222 3193 intus
252 3129 367 3193 occulti
393 3150 502 3194 muros
530 3131 729 3192 subruerent.
784 3126 840 3188 sed
868 3143 999 3186 excussa
1027 3121 1157 3184 ballistis

133 3265 213 3306 saxa
236 3257 375 3308 suasere
395 3242 533 3306 informe
558 3264 656 3324 opus,
680 3253 712 3302 et
731 3251 832 3303 crates
850 3240 1021 3320 vineasque
1042 3255 1158 3317 paran-

134 3357 220 3422 tibus
252 3354 380 3420 adactae
409 3357 573 3420 tormentis
601 3353 747 3418 ardentes
774 3356 899 3430 hastae,
927 3353 1074 3435 ultroque
1098 3349 1159 3432 ipsi

135 3485 373 3555 oppugnatores
404 3472 530 3551 ignibus
559 3471 766 3554 petebantur,
803 3467 904 3532 donec
933 3464 1099 3548 desperata
1126 3463 1160 3527 vi

134 3599 299 3653 verterent
327 3586 495 3649 'consilium
521 3582 563 3648 ad
590 3605 714 3665 moras,
744 3581 830 3646 haud
856 3580 957 3662 ignari
985 3585 1160 3661 paucorum

133 3697 263 3765 dierum
286 3698 388 3760 inesse
414 3698 562 3761 alimenta
583 3711 613 3760 et
641 3698 778 3759 multtum
797 3695 931 3758 imbellis
951 3693 1072 3753 turbae.
1118 3689 1161 3751 si·

135 3816 207 3878 mul
236 3835 278 3876 ex
307 3813 418 3895 inopia
444 3809 584 3895 proditio
614 3816 645 3874 et'
670 3809 759 3872 fluxa
789 3805 988 3872 seruitIorum
1017 3801 1094 3864 fides
1125 3823 1159 3864 ac

134 3929 269 3993 fortuita
290 3929 366 3990 belli
386 3931 605 4011 sperabantur.

226 4043 359 4106 Flaccus
377 4043 505 4106 interim
526 4037 648 4120 cognito
670 4046 845 4097 castrorum
868 4028 989 4094 obsidio
1012 4042 1044 4093 et
1062 4029 1162 4092 nussia
1175 4049 1244 4109 gea

137 4173 200 4234 per
223 4151 359 4232 Gallias,
391 4153 447 4235 qul
474 4151 591 4214 auxilia
619 4145 797 4222 concitent,
827 4146 922 4207 lectos
946 4163 963 4202 s
987 4139 1162 4220 legIouibus
