2959 4875
322 421 365 488 to
662 416 725 486 EX
747 415 1003 487 eutramnus

319 617 420 680 aequo
439 594 474 656 in
497 590 607 659 silvam
628 590 713 658 aditu
734 592 910 675 incederet,
931 614 1005 676 pars
1024 595 1181 673 objectum
1202 615 1347 677 aggerem

319 710 503 786 eniteretur,
537 705 623 792 quod
653 704 787 769 arduum
814 708 892 786 sibi,
927 721 1030 771 cetera
1056 708 1164 788 legatis
1192 709 1348 791 permisit.

319 818 442 898 Quibus
464 821 559 903 plana
582 833 754 885 evenerant
776 820 867 884 facile
887 818 1041 903 irrupere,
1063 823 1134 906 quis
1154 823 1346 904 impugnan-

320 935 378 999 dus
399 957 507 1018 agger,
536 947 572 996 ut
594 935 622 996 si
643 953 769 996 murum
790 931 1008 1013 succederent,
1037 935 1184 1015 gravibus
1208 955 1346 1019 superne

319 1055 430 1118 ictibus
460 1049 728 1115 conflictabantur.
784 1049 888 1113 Sensit
919 1049 985 1114 dux
1014 1051 1170 1133 imparem
1202 1055 1347 1116 cominus

319 1189 456 1251 pugnam
482 1167 673 1250 remotisque
695 1161 833 1247 ‘paulum
862 1165 1038 1246 legionibus
1058 1166 1233 1233 lunditores
1254 1168 1345 1232 libri·

318 1297 465 1366 toresque
486 1294 633 1345 excutere
653 1280 716 1344 tela
733 1293 764 1344 et
782 1283 972 1361 proturbare
993 1283 1114 1346 bostem
1129 1286 1224 1363 jubet.
1267 1282 1344 1344 mis-

318 1419 370 1462 sas
392 1419 410 1460 e
430 1395 593 1460 tormentis
614 1396 738 1467 bastae,
761 1407 942 1478 quantoque
964 1395 1127 1478 conspicui
1144 1395 1241 1478 magis
1264 1416 1342 1478 pro·

318 1526 525 1596 pugnatores,
557 1523 645 1575 tanto
675 1509 821 1592 pluribus
852 1511 1036 1576 vulneribus
1058 1510 1178 1592 dejecti.
1217 1511 1343 1574 Primus

320 1650 426 1692 caesar
446 1649 517 1692 cum
534 1623 699 1709 praetoriis
714 1625 896 1688 cohortibus
920 1639 1012 1707 capto
1031 1627 1114 1690 vallo
1137 1622 1223 1690 dedit
1241 1627 1345 1708 impe-

318 1755 385 1806 tum
400 1743 433 1804 in
449 1741 559 1804 silvas:
576 1739 689 1802 collato
703 1736 767 1801 illic
780 1733 880 1816 gradu
896 1750 1055 1802 certantur.
1086 1740 1207 1802 bostem
1222 1761 1241 1801 a
1255 1752 1343 1821 tergo

318 1857 419 1938 palus,
439 1855 599 1918 Romanos
621 1852 740 1916 flumen
761 1865 816 1915 aut
834 1865 955 1914 montes
977 1851 1179 1916 claudebant:
1200 1852 1345 1935 utrisque

318 1968 482 2032 necessitas
502 1967 536 2028 in
556 1969 643 2046 loco,
665 1987 735 2050 spes
756 1968 792 2030 in
812 1967 943 2046 rirnrte,
962 1968 1047 2032 salus
1067 1989 1108 2032 ex
1128 1967 1268 2032 victoria.

233 2101 300 2163 nal
402 2082 470 2147 Nec
494 2082 600 2146 minor
627 2082 794 2146 Germanis
821 2083 962 2159 animus,
993 2081 1047 2146 sed
1076 2105 1189 2164 genere
1217 2105 1342 2165 pugnae

318 2208 350 2261 st
370 2217 531 2261 armorum
552 2199 801 2280 superabantur,
829 2216 928 2280 quum
947 2195 1058 2276 ingens
1079 2195 1246 2260 multitudo
1268 2196 1344 2260 artis

315 2313 393 2377 loeis
415 2315 600 2396 praelongas
622 2313 727 2376 hastas
753 2333 819 2374 non
840 2310 1063 2394 protenderet,
1092 2335 1158 2377 non
1175 2314 1345 2395 colligeret,

318 2447 421 2509 neque
443 2426 610 2491 assultibus
633 2437 664 2489 et
684 2425 850 2489 velocitate
873 2446 1043 2508 corporum
1064 2439 1217 2507 uteretur,
1236 2440 1344 2492 coacta

317 2544 428 2609 stabile
453 2541 493 2605 ad
518 2542 686 2626 proelium.
735 2554 847 2608 contra
874 2542 963 2605 miles
993 2545 1045 2607 cui
1071 2556 1193 2608 scutum
1221 2543 1344 2626 pectori

317 2677 502 2739 apprensum
532 2668 563 2719 et
587 2656 727 2721 insidens
755 2656 868 2739 capulo
895 2676 1007 2719 manus
1030 2658 1112 2721 latos
1132 2660 1344 2723 barbarorum

318 2784 421 2847 artua,
453 2768 540 2833 nuda
561 2790 618 2833 ora
642 2768 763 2835 foderet
789 2769 935 2853 viamque
957 2781 1060 2851 strage
1080 2772 1217 2835 bostium
1239 2772 1344 2855 aperi·

317 2898 376 2964 ret,
397 2887 590 2969 imprompto
611 2890 674 2964 jam
698 2885 842 2948 Arminio
863 2888 905 2949 ob
928 2887 1078 2951 continua
1099 2886 1248 2970 pericula,
1276 2887 1343 2951 sive

316 3000 406 3063 illum
431 3020 541 3063 recens
567 3012 727 3080 acceptum
754 2998 870 3063 vulnus
898 2994 1088 3062 tardaverat.
1129 2997 1213 3076 Quin
1235 3013 1265 3062 et
1288 3001 1342 3063 In-

316 3113 513 3195 guiomerum
534 3122 600 3175 tota
621 3113 804 3175 volitantem
824 3112 889 3175 acie
908 3111 1036 3174 fortuna
1052 3111 1147 3193 magis
1166 3132 1261 3194 quam
1276 3113 1342 3177 vir-

316 3242 367 3294 tus
387 3228 561 3305 deserebat.
600 3228 642 3291 Et
663 3228 888 3306 Germanicus,
918 3249 982 3310 quo
1004 3227 1102 3307 magis
1123 3238 1343 3307 agnosceretur

317 3342 497 3406 detraxerat
517 3342 651 3423 tegimen
673 3343 777 3423 capiti,
798 3342 972 3422 orabatque
988 3341 1168 3403 insisterent
1186 3337 1343 3418 caedibus,

316 3456 361 3519 nil
385 3476 464 3539 opus
484 3456 624 3537 captivis,
644 3457 744 3518 solam
760 3456 1006 3519 internecionem
1026 3457 1127 3535 gentis
1145 3454 1239 3519 linem
1254 3456 1341 3519 bello

314 3569 395 3635 iore.
437 3568 569 3652 Jamque
591 3587 663 3631 sero
694 3566 758 3629 diei
782 3566 928 3631 subducit
949 3590 989 3633 ex
1017 3570 1082 3633 acia
1109 3570 1265 3650 legionem
1293 3570 1341 3631 fa·

315 3680 431 3746 ciendis
454 3682 578 3747 castris:
604 3692 723 3744 ceterae
747 3678 786 3742 ad
809 3693 934 3745 noctem
955 3704 1066 3748 cruore
1087 3686 1227 3749 bostium
1247 3681 1341 3747 satia·

314 3804 364 3859 tae
386 3808 469 3859 sunt.
512 3793 633 3880 equites
655 3794 800 3876 ambigue
822 3808 990 3860 certavere.

229 3912 301 3979 ψ
399 3906 549 3971 Laudatis
575 3930 635 3993 pro
662 3911 815 3974 concione
842 3910 1011 3973 victoribus
1033 3930 1140 3973 caesar
1161 3908 1340 3991 congeriem

314 4039 476 4083 armorum
506 4026 621 4087 struxit
648 4027 788 4107 superbo
816 4044 887 4088 cnm
918 4022 1026 4085 titulo:
1072 4022 1339 4085 DEBELLATIS

314 4134 445 4199 INTER
469 4136 653 4203 RHENUM
677 4135 898 4213 ALBIMQUE
923 4134 1185 4203 NATIONlBUS
1206 4137 1339 4199 EXER·
