2959 4875
324 406 387 474 122
615 404 647 475 Ε
669 406 776 474 VI'i'h
797 404 1059 477 semeonis

321 577 485 663 intercepti
512 590 595 644 sunt.
646 602 682 643 ac
709 581 800 645 luere
826 602 906 665 quos
935 604 994 665 per
1015 581 1200 648 commercia
1222 602 1348 647 venun·

319 692 409 757 datos
438 705 469 757 et
493 694 527 755 in
556 706 696 775 nostram
724 713 825 779 usque
849 695 954 776 ripam
976 696 1148 759 mutatione
1172 694 1345 759 ementium

319 805 471 874 adductos
491 806 642 873 indicium
663 810 744 871 tanti
765 794 853 874 casus
871 810 1054 874 illustravit.

267 942 305 992 ³2
406 968 416 989 .
438 966 447 985 .
467 965 478 986 .
498 920 644 987 deserent
663 923 736 987 illos
761 925 856 991 ceteri
878 924 1039 1003 Germani,
1059 936 1210 1009 tanquam
1238 943 1345 1004 nuper

316 1033 410 1118 Usipi
431 1035 640 1121 reliquerunt.
898 1014 902 1021 ⁴

265 1165 302 1217 st
400 1149 444 1229 (a.
466 1148 522 1230 st)
544 1148 710 1234 Simulque
732 1136 909 1215 constantia
926 1150 1020 1213 simul
1042 1162 1107 1215 arte
1126 1148 1270 1213 Britanni
1290 1150 1340 1211 iu-

316 1261 459 1343 gentibus
484 1260 594 1345 gladiis
622 1275 654 1327 et
680 1264 832 1329 brevibus
864 1265 974 1329 caetris
1002 1264 1131 1329 missilia
1157 1276 1340 1327 nostrorum

312 1376 412 1440 vitare
440 1376 492 1440 vel
520 1389 686 1456 excutere,
719 1389 813 1461 atque
844 1378 906 1460 ipsi
935 1368 1079 1459 magnam
1109 1379 1172 1443 vim
1202 1380 1339 1441 telorum

314 1486 561 1570 superfundere:
594 1488 695 1553 donec
717 1489 863 1570 Agricola
890 1503 955 1553 tres
976 1492 1168 1555 Batavorum
1192 1491 1337 1553 cohortes

313 1624 348 1665 ac
370 1605 574 1685 Tungrorum
593 1603 671 1667 duas
701 1607 883 1668 cohortatus
905 1618 968 1683 est,
1000 1618 1125 1666 utrem
1147 1602 1187 1664 ad
1210 1623 1336 1665 mucro·

312 1735 369 1778 nes
391 1736 427 1781 ac
448 1736 561 1779 manus
582 1715 793 1798 adducerent,
820 1719 907 1803 quod
930 1733 959 1788 ct
983 1718 1060 1800 ipsis
1078 1729 1230 1781 vetustate
1254 1717 1336 1779 mili·

312 1829 374 1891 tiae
407 1830 613 1893 exercitatum
647 1843 677 1895 et
709 1831 854 1898 hostibus
886 1826 1027 1895 inhabile
1057 1852 1156 1915 parra
1187 1842 1273 1894 scuta
1304 1842 1335 1892 et

312 1962 456 2007 enormes
487 1941 606 2025 gladios
638 1944 831 2024 gerentibus.
883 1960 957 2009 nam
986 1945 1212 2008 Britannorum
1239 1940 1336 2023 gladii

310 2059 379 2123 sine
400 2079 554 2122 mucrone
569 2060 769 2141 complexum
784 2080 947 2125 armorum
963 2075 994 2126 et
1014 2063 1048 2124 in
1070 2073 1179 2144 aperto
1196 2079 1335 2142 pugnam

309 2198 376 2241 non
402 2150 588 2240 tolerabant.
629 2175 726 2256 igitur
753 2188 790 2240 ut
814 2168 926 2240 Batavi
951 2177 1082 2242 miscere
1108 2177 1206 2255 ictus,
1234 2175 1332 2240 ferire

308 2288 519 2367 umbonibus,
548 2309 605 2353 ora
625 2286 736 2351 fodere
764 2299 795 2351 et
821 2288 925 2351 stratis
949 2288 1059 2373 quiin
1081 2307 1183 2372 aequo
1207 2284 1332 2351 adstite-

307 2415 379 2469 rant
400 2403 519 2485 erigere
546 2401 582 2465 in
604 2402 701 2467 colles
730 2401 828 2466 aciem
857 2422 1007 2485 coepere,
1036 2415 1156 2468 ceterae
1185 2405 1331 2466 cohortes

308 2521 518 2586 aemulatione
551 2532 584 2583 et
623 2518 744 2601 impetu
777 2519 956 2583 commistae
987 2520 1150 2603 proximos
1184 2539 1329 2604 quosque

306 2633 448 2701 caedere.

253 2766 291 2820 ss
390 2744 431 2834 (a
453 2744 508 2829 st)
530 2747 624 2810 Hunc
645 2731 753 2812 rerum
774 2735 919 2827 cursum,
946 2769 1127 2833 quanquam
1148 2737 1327 2812 nulla'rer·

304 2868 419 2929 borum
443 2863 590 2943 jactantia
619 2865 758 2947 epistolis
785 2863 947 2944 Agricolae
976 2850 1117 2940 auctum,
1149 2876 1185 2926 ut
1213 2864 1326 2925 Domi·

303 2981 390 3042 tiano
412 2978 509 3041 moris
534 2986 616 3057 erat,
644 2979 750 3041 frome
771 2979 892 3058 laetus,
918 2991 1042 3059 pectore
1064 2963 1177 3040 anxius
1199 2977 1327 3059 excipit.

301 3093 406 3157 inerat
433 3093 621 3157 conscientia
654 3091 772 3158 derisui
800 3093 896 3158 fuisse
927 3113 1030 3176 nuper
1057 3093 1173 3156 falsum
1198 3113 1216 3154 e
1242 3091 1324 3155 Ger-

301 3206 407 3269 mania
427 3207 640 3289 triumphum,
668 3205 781 3288 emptis
809 3227 867 3288 per
889 3207 1073 3270 commercia
1101 3226 1239 3289 quorum
1264 3207 1323 3268 ha·

300 3320 384 3383 bitus
406 3332 438 3382 et
464 3319 565 3383 crines
593 3318 628 3382 in
655 3319 851 3401 captivorum
879 3321 997 3402 species
1025 3322 1255 3398 formarentur,
1285 3341 1321 3384 ac

299 3454 384 3495 nunc
405 3452 513 3497 reram
533 3442 740 3516 magnamque
761 3433 926 3499 victoriam
947 3447 996 3499 tot
1018 3435 1157 3500 millibus
1182 3435 1320 3498 hostium

298 3543 395 3610 caesis
415 3543 534 3625 ingenti
554 3545 638 3606 fama
659 3543 820 3611 celebrari.

248 3663 299 3728 41'
384 3655 427 3746 (a.
450 3654 506 3743 86)
536 3669 569 3720 et
598 3680 636 3721 ea
662 3658 804 3722 insecuta
831 3670 904 3721 sunt
930 3658 1148 3741 reipublicae
1177 3671 1317 3740 tempora

297 3794 378 3855 quaa
410 3753 714 3852 sileri'hgricolstm¹
731 3791 798 3833 non
829 3770 985 3836 cinerente
1018 3783 1066 3834 tot
1096 3773 1252 3834 exercitus
1281 3770 1332 3842 ia,

294 3885 417 3948 Moesia
440 3886 602 3970 Daciaque
630 3898 662 3950 et
690 3886 860 3953 Germania
889 3899 920 3948 et
948 3886 1111 3949 Pannonia
1141 3887 1314 3950 temeritate

296 4012 349 4062 aut
369 4018 428 4081 per
447 4000 603 4080 ignaviam
623 4001 739 4065 discum
765 4005 887 4080 amissi,
915 4014 963 4065 tot
988 4001 1137 4066 militares
1159 4004 1219 4064 viri
1241 4023 1317 4066 cum.

293 4123 341 4176 tot
369 4116 549 4181 cohortibus
578 4118 748 4200 expugnati
777 4131 807 4181 et
837 4116 933 4200 capti,
974 4137 1032 4180 nec
1059 4123 1120 4196 jam
1149 4115 1187 4179 de
1215 4117 1312 4180 limite
