2959 4875
342 425 387 494 28
681 429 745 498 EX
766 429 1019 502 ANNALIBUS

260 619 286 684 1,
295 620 332 671 sa
428 599 579 666 Nuntiata
600 623 637 666 ea
659 603 823 668 Tiberium
846 605 962 669 laetitia
985 626 1124 691 curaque
1146 606 1291 670 affecere.

260 727 330 790 1,(55
430 717 473 800 (a.
499 718 554 802 15)
584 719 692 782 Druso
719 741 860 799 caesare,
892 721 969 799 Cajo
995 721 1150 785 Norbano
1181 720 1366 783 consulibus

343 831 521 895 decernitur
542 832 728 896 Germanico
758 835 936 917 triumphus
965 849 1109 897 manente
1139 837 1240 914 bello,
1276 835 1365 918 quod

344 970 526 1033 quanquam
545 951 579 1012 in
603 963 750 1013 aestatem
770 972 893 1013 summa
914 972 974 1034 ope
995 954 1142 1034 parebat,
1161 953 1253 1014 initio
1278 952 1364 1014 veris

343 1077 373 1128 et
401 1065 566 1147 repentino
594 1067 628 1126 in
657 1065 787 1130 Chattos
817 1087 952 1130 excursu
981 1068 1150 1150 praecepit.
1192 1087 1266 1126 nam
1290 1085 1363 1146 spes

341 1181 509 1242 incesserat
538 1177 687 1242 dissidere
715 1180 840 1242 hostem
863 1183 898 1242 in
918 1181 1096 1242 Arminium
1127 1200 1162 1240 ac
1193 1178 1362 1258 Segestem,

341 1294 492 1374 insignem
515 1304 683 1375 utrumque
704 1293 836 1374 perfidia
857 1294 892 1354 in
915 1314 974 1358 nos
999 1307 1054 1356 aut
1073 1292 1144 1355 fide.
1197 1292 1361 1356 Arminius

340 1411 483 1472 turbator
506 1406 711 1485 Germaniae,
745 1405 886 1488 Segestes
915 1410 1021 1489 parari
1041 1407 1245 1471 rebellionem
1266 1427 1361 1488 saepe

342 1523 416 1585 alias
445 1535 475 1585 et
505 1541 652 1604 supremo
682 1521 847 1602 convivio,
880 1534 950 1602 post
979 1521 1065 1605 quod
1094 1523 1130 1584 in
1163 1541 1250 1583 arma
1278 1522 1360 1582 itum

341 1638 481 1720 aperuit:
513 1636 673 1718 suasitque
695 1637 783 1698 Varo
806 1649 841 1700 ut
868 1658 901 1699 se
923 1651 956 1700 et
981 1639 1160 1700 Arminium
1186 1650 1217 1698 et
1237 1649 1359 1699 ceteros

339 1769 485 1831 proceres
518 1748 669 1826 vinciret,
708 1749 788 1809 nihil
823 1768 969 1812 ausuram
1003 1751 1129 1831 plebem
1164 1750 1359 1836 principibus

339 1863 459 1937 arnotis,
482 1873 574 1946 atque
596 1860 657 1941 ipsi
678 1871 802 1940 tempus
824 1860 894 1922 fore
916 1881 980 1944 quo
1003 1862 1134 1924 crimina
1155 1874 1188 1924 et
1208 1861 1358 1924 innoxios

339 1977 539 2040 discerneret.
582 1973 637 2037 sed
656 1975 762 2037 Varus
781 1977 847 2039 fato
871 1990 901 2038 et
922 1977 955 2042 ui
977 1979 1112 2042 Arminii
1141 1977 1257 2043 cecidit.
1300 1977 1357 2040 Se·

337 2106 436 2176 gestes
457 2112 639 2176 quanquam
665 2113 817 2156 consensu
839 2094 938 2172 gentis
962 2092 997 2154 in
1017 2095 1135 2156 bellum
1154 2105 1271 2154 tractus
1292 2090 1357 2153 dis-

338 2228 408 2270 cors
438 2209 599 2283 manebat,
634 2208 730 2269 auctis
763 2209 910 2289 privatim
946 2207 1043 2287 odiis,
1076 2206 1161 2291 quod
1194 2207 1357 2270 Arminius

336 2321 431 2384 filiam
462 2325 528 2397 ejus
557 2319 611 2380 alii
639 2333 761 2399 pactam
786 2334 951 2401 rapuerat,
977 2339 1075 2402 gener
1094 2323 1216 2386 invisus
1236 2322 1357 2383 inimici

335 2434 452 2498 soceri:
481 2454 624 2517 quaeque
647 2431 731 2515 apud
752 2433 922 2499 concordes
942 2437 1070 2501 vincula
1091 2440 1224 2503 caritatis
1244 2440 1356 2503 incita·

334 2560 439 2611 menta
458 2548 577 2608 irarum
601 2548 684 2629 apud
705 2549 847 2612 infensos
869 2565 969 2615 erant.

250 2676 320 2741 ¹‚50
418 2662 517 2741 Igitur
540 2661 745 2723 Germanicus
763 2675 912 2744 quattuor
934 2664 1080 2744 legiones,
1101 2666 1241 2749 quinque
1262 2666 1354 2728 auxi-

331 2775 458 2839 liarium
479 2776 575 2838 millia
599 2788 629 2837 et
654 2778 873 2841 tunutltuarias
895 2792 1034 2843 catervas
1056 2780 1288 2843 Germanorum
1308 2781 1352 2843 cis

331 2888 478 2951 Rhenum
510 2891 678 2951 colentium
709 2888 861 2953 Caecinae
893 2890 1005 2969 tradit,
1041 2892 1170 2957 totidem
1199 2896 1351 2977 legiones,

332 3002 488 3083 duplicem
516 3003 672 3064 sociorum
694 3022 861 3066 numerum
889 3004 957 3086 ipse
979 3003 1080 3085 ducit,
1111 3008 1278 3093 positoque
1300 3032 1354 3072 ca·

330 3120 420 3180 stello
443 3138 538 3199 super
566 3116 694 3197 vestigia
721 3119 846 3199 paterni
866 3120 1017 3200 praesidii
1044 3122 1078 3183 in
1106 3135 1214 3185 monte
1234 3126 1351 3190 Tauno

330 3232 509 3313 expeditum
537 3232 709 3296 exercitum
732 3236 767 3297 in
796 3235 925 3303 Chattos
951 3237 1051 3320 rapit,
1081 3237 1182 3303 Lucio
1203 3241 1352 3321 Apronio

329 3340 580 3406 admonitiones
608 3346 731 3409 viarum
760 3361 790 3408 ct
819 3347 985 3411 fluminum)
1013 3352 1134 3415 relicto.
1186 3374 1260 3415 nam
1282 3355 1352 3439 (ra-

328 3474 400 3517 rum
418 3456 465 3517 illi
487 3452 589 3539 coelo)
619 3459 753 3519 siccitate
777 3472 809 3520 ct
829 3462 974 3522 amnibus
1002 3464 1132 3532 modicis
1154 3466 1350 3532 inoffensum

327 3572 388 3635 iter
406 3585 652 3654 properaverat,
672 3574 852 3657 imbresque
874 3588 905 3637 et
924 3576 1089 3640 flumbmm
1111 3592 1221 3643 auctus
1241 3602 1350 3662 regre-

328 3682 426 3750 dienti
448 3688 654 3751 metuebatur.
696 3686 759 3751 Sed
785 3688 903 3755 Chattis
928 3693 1007 3755 adeo
1033 3696 1223 3777 improvisus
1252 3697 1350 3763 adve-

328 3798 390 3877 nit,
421 3812 458 3862 ut
485 3799 572 3885 quod
599 3802 792 3866 imbecillum
815 3819 914 3869 aetate
938 3829 973 3870 ac
994 3829 1074 3871 sexu
1094 3813 1199 3873 statim
1220 3826 1349 3893 captum

328 3923 382 3973 aut
412 3912 600 3977 trucidatum
633 3917 690 3995 sit,
721 3922 867 3996 juventus
897 3919 1013 3981 llumen
1043 3920 1203 3985 Adranam
1237 3925 1346 3990 nando

326 4028 502 4092 tramiserit.
554 4032 777 4115 Romanosque
808 4046 936 4115 pontem
968 4048 1145 4117 coaptantes
1176 4042 1347 4106 arcebant:

327 4138 398 4203 dein
426 4145 586 4206 tormentis
614 4146 793 4229 sagittisque
815 4146 914 4230 pulsi,
947 4152 1072 4212 tentatis
1096 4153 1211 4215 frustra
1234 4155 1346 4218 condi-
