2959 4875
328 418 373 487 58
666 416 729 485 ux
751 414 1006 486 subluteus

329 588 471 653 coneedit
497 586 582 671 apud
602 608 695 669 agros
719 605 739 649 a
761 586 945 651 Corbulone
964 585 1149 669 descriptos.
1196 584 1281 650 flens
1303 606 1354 651 ee·

327 715 438 781 natus,
466 704 682 783 magistratus,
711 704 795 783 leges
822 694 980 785 imposuit.
1022 723 1059 764 ac
1086 696 1231 782 ne‘luesa
1253 724 1354 767 exsta·

326 832 397 880 rent
422 815 614 899 praesidium
641 817 820 882 immunivlt
844 819 944 883 missis
973 816 1029 901 qui
1049 806 1354 898 malores'Canchos

328 931 368 994 ad
398 930 589 995 deditionem
617 932 818 1013 pellicerent,
851 922 945 994 simul
970 930 1169 995 Gannascum
1196 927 1270 993 delo
1297 950 1352 1011 ag·

326 1044 539 1126 graderentur.
587 1047 655 1110 Nec
685 1047 792 1109 irritae
822 1060 876 1111 aut
903 1045 1071 1127 degeneres
1099 1044 1230 1107 insidiae
1258 1044 1350 1107 fuero

327 1160 476 1225 adversus
495 1163 688 1241 transfugam
704 1175 736 1225 et
752 1161 937 1225 violatorem
957 1159 1040 1224 fidei.
1082 1156 1143 1222 Sed
1166 1157 1259 1222 caede
1280 1165 1349 1238 ejus

326 1288 429 1340 motae
454 1274 652 1339 Cauchorum
679 1290 816 1353 mentes,
845 1287 877 1340 et
899 1275 1038 1339 Corbulo
1060 1276 1179 1338 semina
1199 1274 1349 1335 rebellio·

326 1394 375 1455 nis
396 1394 582 1474 praebebat,
602 1404 639 1455 ut
658 1394 740 1455 laeta
762 1382 844 1475 apud
867 1394 1051 1475 plerosque,
1079 1392 1122 1453 ita
1144 1387 1228 1473 apud
1250 1410 1347 1473 quos·

326 1504 398 1568 dam
426 1505 460 1566 in
489 1506 615 1567 sinistra
640 1506 735 1567 fama.
778 1524 836 1568 cur
863 1508 986 1597 hostem
1013 1499 1172 1567 conciret?
1215 1502 1348 1567 adversa

324 1620 359 1681 in
380 1642 447 1682 rem
469 1621 628 1702 publicam
649 1638 778 1683 casurae
801 1619 849 1681 sin
870 1610 1171 1700 prospam'egieset,
1193 1612 1347 1679 formido-

323 1736 523 1816 losumpsci
550 1736 653 1799 virum
683 1735 837 1815 insignem
859 1745 890 1795 et
909 1733 1023 1813 ignavo
1043 1732 1178 1815 principi
1197 1752 1347 1814 praegra-

323 1870 406 1914 vem.
428 1852 549 1930 'lgitur
576 1847 726 1911 Claudius
756 1842 834 1911 adeo
864 1868 979 1913 novam
1010 1849 1045 1911 in
1074 1838 1253 1914 Germanias
1278 1849 1347 1914 siin

324 1964 501 2049 prohibuit,
524 1977 560 2028 ut
580 1964 694 2026 noiomi
715 1962 870 2047 praesidia
894 1964 937 2026 cia
958 1964 1106 2027 Rhenum
1125 1965 1257 2042 juberet.

222 2093 309 2156 mo
339 2098 343 2108 ·
409 2080 477 2142 Jam
500 2092 601 2141 castra
622 2080 658 2141 in
688 2079 796 2141 hostili
825 2080 893 2141 eolo
920 2064 1061 2141 molienti
1087 2075 1262 2140 Corbuloni
1290 2096 1345 2139 eae

323 2195 431 2257 literae
447 2182 634 2256 redduntur.
677 2182 731 2253 ilie
751 2208 787 2253 re
809 2184 921 2269 subita,
942 2212 1121 2277 quanquam
1138 2178 1237 2253 multa
1251 2189 1345 2253 simul

324 2295 574 2383 offunderentur,
594 2318 696 2367 metus
718 2326 760 2367 ex
778 2306 978 2387 imperatore,
1001 2296 1191 2387 contemptio
1211 2326 1251 2368 ex
1271 2306 1346 2367 bar·

323 2418 423 2497 baris,
462 2414 636 2480 ludibrium
665 2410 897 2499 apudssocio‘e,
932 2418 1014 2484 nihil
1043 2417 1126 2482 aliud
1159 2412 1343 2501 prolocutus

323 2552 419 2616 quam
439 2533 547 2594 beatos
570 2528 729 2618 quondam
752 2529 1034 2609 duoesromanoa,
1059 2534 1182 2613 tignum
1202 2532 1344 2614 receptui

322 2647 417 2712 dedit.
458 2649 502 2713 Ut
521 2661 626 2711 tamen
644 2650 732 2711 miles
751 2646 850 2710 otium
868 2661 1000 2712 exuerat
1014 2648 1097 2711 inter
1115 2649 1239 2712 Mosam
1256 2648 1343 2710 Rhe-

320 2753 461 2850 numque
479 2765 574 2827 trium
594 2777 626 2826 et
645 2764 753 2845 viginti
774 2755 908 2827 millium
926 2764 1027 2846 spatio
1045 2765 1160 2827 fossam
1182 2763 1342 2845 perduxit,

321 2903 384 2965 qua
404 2882 522 2944 incerta
545 2880 653 2945 oceani
674 2891 864 2943 vetarentur.
905 2880 1042 2960 Insignis
1062 2893 1166 2943 tamen
1188 2880 1342 2962 triumphi

318 2994 451 3056 indulsit
472 3012 594 3072 caesar,
623 2995 766 3075 quamvis
787 2995 905 3057 bellum
928 2995 1124 3074 negavissen·
1151 2990 1219 3058 Ne'o
1239 2995 1339 3057 multo

318 3120 391 3192 post
412 3108 540 3172 Curtius
570 3108 674 3170 Rulus
705 3107 840 3176 eundem
868 3109 1023 3174 honorem
1054 3107 1251 3192 adipiscitur,
1282 3107 1340 3192 qui

317 3223 351 3285 in
372 3244 447 3304 agro
468 3217 613 3285 martiaco
634 3223 806 3285 recluserat
833 3241 943 3305 specus
965 3223 1155 3308 quaerendis
1177 3222 1267 3287 ranis
1287 3241 1341 3286 ar·

317 3339 419 3417 genti,
451 3337 537 3400 unde
562 3340 666 3402 tenuis
696 3341 817 3400 mucius
844 3359 903 3402 nec
923 3339 957 3400 in
979 3341 1108 3420 longum
1128 3339 1197 3402 fuit.
1238 3349 1269 3400 at
1290 3338 1340 3399 le-

316 3449 462 3531 gionibus
484 3471 555 3511 cum
576 3448 690 3512 damno
712 3449 805 3511 labor
825 3462 862 3511 eo
882 3447 990 3513 fodere
1009 3452 1113 3530 rivos,
1137 3470 1280 3536 quaeque
1301 3449 1338 3514 in

318 3573 426 3645 aperto
449 3561 555 3642 gravia
581 3559 713 3622 humum
742 3559 826 3624 inira
853 3563 967 3626 moliri.
1010 3563 1081 3648 quis
1110 3563 1256 3630 subactus
1277 3568 1338 3629 mi·

316 3675 378 3754 les,
408 3687 438 3739 et
466 3674 540 3758 quia
559 3676 666 3757 plures
693 3694 752 3756 per
775 3669 953 3756 provincias
980 3677 1091 3741 similia
1112 3680 1338 3758 tolerabantur,

317 3791 478 3873 componit
498 3793 633 3854 occultas
652 3792 759 3854 literas
780 3783 907 3856 nomine
931 3794 1124 3858 exercituum
1139 3785 1337 3878 precantium

315 3903 555 3986 imperatorem,
585 3897 629 3970 'u't
665 3897 780 3991 quibus
816 3910 1026 3994 permissurus
1059 3921 1143 3973 esset
1180 3907 1337 3972 exercitus

315 4019 517 4101 triumphalia
538 4033 610 4083 ante
630 4022 796 4085 tribueret.
1460 4103 1461 4110 ἵ

216 4141 300 4204 luet
401 4129 443 4212 (a.
463 4127 520 4212 50)
548 4130 611 4194 Sed
632 4133 821 4216 Agrippina,
851 4153 916 4217 quo
943 4135 1007 4199 uim
1031 4155 1119 4200 suam
1140 4134 1232 4198 sociis
1254 4151 1337 4217 quo·

1448 4577 1459 4848 l
