2959 4875
348 460 370 522 2
741 447 975 516 GERMANIA

349 632 482 706 lllarses,
509 623 718 699 Gambrivios,
740 621 871 700 Suevos,
896 615 1062 682 Vandilios
1083 617 1248 694 affirmant,
1274 639 1376 700 eaque
1451 674 1453 683 ,

349 767 423 812 vera
452 758 481 805 et
512 741 640 821 antiqua
671 736 809 799 nomina.
853 733 999 796 Ceterum
1027 731 1212 795 Germaniae
1235 733 1376 793 vocabu·

348 863 411 922 lnm
434 879 541 920 recens
565 869 595 916 et
618 875 721 934 nuper
743 849 900 926 additum,
924 849 1072 931 quoniam
1095 846 1151 930 qui
1171 847 1264 926 primi
1287 846 1374 906 Rhe-

349 996 425 1036 num
448 968 631 1048 transgressi
653 965 760 1027 Gallos
782 963 962 1045 expulerint
983 984 1018 1022 ac
1040 983 1125 1022 nurrc
1147 963 1276 1040 Tungri,
1297 972 1375 1022 tunc
1451 956 1453 987 ⁶

349 1090 499 1154 Germani
531 1085 633 1148 vocati
662 1083 734 1144 sint.
776 1081 820 1142 ita
851 1080 986 1142 nationis
1013 1099 1147 1155 nomen,
1178 1099 1245 1140 non
1273 1078 1376 1158 gentis
1451 1072 1453 1111 ⁷

349 1204 501 1270 evaluisse
526 1200 693 1282 paulatim,
728 1210 763 1258 nt
792 1217 900 1257 omnes
924 1197 1060 1277 primum
1090 1217 1109 1255 a
1139 1189 1299 1275 victore*)
1331 1195 1373 1254 ob

348 1331 482 1395 metum,
515 1333 591 1375 atrox
613 1335 632 1374 a
654 1332 686 1372 se
708 1311 784 1390 ipsis
805 1310 934 1372 invento
956 1309 1084 1369 nomine
1108 1307 1258 1370 Germani
1279 1327 1374 1370 voca-

348 1445 469 1494 rentur.
512 1429 622 1492 Fuisse
654 1425 740 1507 apud
771 1445 824 1486 eoa
854 1437 885 1486 et
912 1424 1081 1485 Herculem
1105 1435 1282 1486 memorant
1307 1424 1376 1503 pri·

348 1564 497 1628 mumque
529 1543 669 1602 omnium
698 1541 840 1603 virorum
864 1538 992 1601 fortium
1021 1537 1097 1600 ituri
1122 1525 1157 1599 in
1179 1538 1299 1618 proelia
1323 1561 1375 1600 ca-

349 1671 437 1722 nunt.
483 1657 564 1718 Sunt
584 1656 645 1717 illis
666 1656 744 1716 haec
767 1674 894 1736 qnoque
921 1653 1075 1729 carmina,
1104 1674 1241 1734 quorum
1262 1654 1375 1730 relatu,

349 1795 444 1856 quem
479 1774 616 1833 baritum
648 1782 781 1845 vocant,
818 1767 992 1830 accendunt
1028 1769 1148 1829 animos
1184 1771 1375 1851 futuraeque

348 1907 471 1968 pugnae
492 1887 653 1946 fortunam
678 1884 748 1964 ipso
774 1894 866 1944 cantu
893 1896 1097 1962 augurantur.
1140 1897 1260 1945 terrent
1287 1886 1374 1946 enim

348 2001 562 2084 trepidantve,
596 2011 690 2080 prout
722 2001 829 2061 sonuit
859 1998 956 2078 acies3
996 2021 1054 2060 nec
1086 2012 1149 2061 tam
1178 2022 1271 2064 voces
1301 2000 1375 2062 illae
1451 2027 1453 2042 ¹

349 2137 444 2198 quam
471 2114 595 2179 virtutis
624 2125 793 2174 concentus
820 2111 975 2176 videntur.
1019 2115 1183 2176 affectatur
1203 2115 1374 2197 praecipue
1451 2110 1453 2123 '

349 2229 498 2313 asperitas
530 2229 600 2289 soni
622 2238 652 2286 et
674 2227 808 2286 fracmm
829 2245 974 2285 murmur
995 2227 1124 2288 obiectis
1147 2225 1187 2288 ad
1211 2249 1246 2290 os
1269 2229 1374 2306 scutis,

351 2362 414 2424 quo
436 2341 561 2421 plenior
583 2353 613 2400 et
635 2339 761 2417 gravior
782 2360 848 2402 vox
868 2360 1052 2422 repercussu
1075 2343 1269 2404 intumescat.
1312 2343 1374 2406 Ge·

344 2466 450 2516 'terum
475 2466 505 2516 et
527 2453 654 2515 Ulixem
677 2449 806 2535 quidam
833 2455 1002 2535 opinantur
1022 2459 1118 2536 longo
1137 2459 1193 2520 illo
1222 2470 1253 2518 et
1278 2458 1375 2519 labn-

349 2572 419 2632 loeo
442 2590 549 2631 errore
570 2570 604 2629 in
626 2569 711 2629 hunc
734 2589 889 2631 oceanum
909 2568 1043 2633 delatum
1066 2570 1167 2633 adisse
1185 2570 1375 2647 Germaniae

351 2698 467 2763 terras,
491 2684 791 2767 Asciburgiumque,
819 2682 906 2768 qnod
926 2686 959 2746 in
981 2687 1052 2767 ripa
1071 2686 1176 2748 Rheni
1199 2687 1291 2747 situm
1313 2686 1376 2746 ho-

351 2796 464 2881 dieque
500 2798 663 2872 incolitur,
699 2799 739 2857 ab
769 2798 825 2859 illo
859 2800 1062 2861 constitutum
1095 2801 1374 2880 nominatumque3

350 2934 434 2974 aram
461 2914 538 2995 quin
562 2914 655 2973 etiam
676 2910 765 2972 Ulixi
786 2923 998 2970 consecratam
1020 2911 1139 2989 adjecto
1161 2912 1295 2973 Laertae
1315 2934 1376 2992 pa-

351 3026 406 3087 tris
430 3027 557 3086 nomine
580 3022 690 3086 eodem
713 3026 783 3085 loco
807 3026 881 3085 olim
901 3038 1077 3105 repertam,
1105 3040 1374 3109 monumentaque
1451 3011 1453 3022 Ι

351 3150 383 3201 et
402 3138 540 3201 tumulos
563 3134 715 3220 quosdam
737 3138 855 3217 maenis
873 3140 971 3201 literis
992 3142 1159 3223 inscriptos
1179 3143 1214 3203 in
1235 3142 1373 3206 confinio

352 3251 537 3313 Germaniae
555 3252 747 3336 Raetiaeque
769 3251 871 3315 adhuc
893 3267 1025 3316 exstare.
1068 3253 1156 3329 Quae
1175 3278 1280 3339 neqrre
1297 3279 1376 3320 con·

349 3366 475 3427 firmare
504 3366 694 3445 argumentis
726 3389 829 3450 neque
859 3372 1005 3430 refellere
1035 3370 1068 3429 in
1100 3371 1205 3433 animo
1235 3383 1299 3432 est:
1333 3394 1375 3433 ex

317 3479 475 3561 tingenio
498 3499 556 3541 sno
579 3480 713 3562 quisque
742 3478 847 3541 ‹lemat
875 3482 927 3544 vel
951 3480 1044 3544 addat
1073 3481 1178 3544 iidem.
1225 3485 1296 3565 Ipse
1318 3504 1375 3546 eo·

348 3614 420 3657 rum
442 3591 645 3675 opinionibus
672 3588 785 3655 accedo
791 3638 802 3671 ,
831 3597 889 3677 qui
910 3597 1098 3659 Germaniae
1119 3601 1256 3681 populos
1277 3600 1375 3662 nullis

405 3824 430 3890 ⁸)
449 3824 565 3881 victora,
593 3826 662 3880 ande
680 3828 777 3881 Manu
799 3843 904 3881 msam
922 3828 1089 3890 sinticius,
1115 3826 1142 3877 in
1161 3826 1280 3878 omnibns
1298 3826 1374 3879 libris

351 3920 408 3967 este
433 3918 519 3971 malim
539 3918 663 3977 ductam
682 3936 749 3987 qnae
767 3937 819 3973 vox
837 3922 976 3990 praecipue
994 3920 1028 3971 de
1046 3918 1213 3971 barbarorum
1231 3920 1301 3972 valet
1321 3920 1372 3972 ‹ln-
1451 3961 1453 3966 .

351 4006 425 4059 cibus
451 3998 528 4074 (anni
541 4014 568 4076 a,
588 4016 631 4066 10.
656 4016 682 4079 4,
701 4016 746 4067 46.
773 4017 817 4078 1²,
835 4013 894 4079 ss.)
940 4011 1012 4064 Nihil
1040 4018 1125 4064 nmen
1152 4014 1321 4077 mutaverim,
1348 4014 1371 4065 ιί

350 4102 435 4153 rlctor
452 4103 576 4169 populum
601 4120 734 4159 romeam
758 4104 906 4171 significare
924 4104 1022 4172 possit,
1049 4102 1166 4172 Tungris
1189 4104 1297 4157 fratrum
1321 4118 1371 4156 no·
1451 4165 1453 4176 Ι

316 4202 319 4209 ’
350 4192 418 4244 mine
435 4192 617 4249 blandientem.
