2959 4875
295 391 341 459 78
645 386 709 457 nx
730 386 967 455 HISTORIIS

297 584 407 629 rursus
437 559 603 625 discrimen
633 556 711 623 adiit
739 559 897 642 flagitante
924 557 1112 641 supplicium
1134 563 1202 640 ejus
1231 582 1324 625 exer·

299 682 372 743 citu.
413 677 488 740 inde
506 696 616 739 causae
635 676 756 740 irarum
775 696 910 758 spesque
930 697 970 738 ex
987 676 1077 739 malis
1094 680 1221 739 nostris.
1260 676 1324 740 Sed

301 794 409 859 Civilis
430 796 511 856 ultra
540 812 635 875 quam
662 792 805 856 barbarIa
832 794 960 855 solitum
984 792 1111 873 ingenio
1139 796 1265 871 sollers,
1292 806 1326 857 et
1374 828 1385 841 ·

300 906 476 969 Sertorium
499 925 532 968 se
554 916 608 967 aut
628 903 838 968 Hannibalem
865 906 988 981 ferens,
1015 904 1111 984 sirnili
1137 908 1201 971 oris
1226 906 1326 971 debo-

300 1034 515 1098 nestamento‚
537 1042 578 1081 ne
600 1033 634 1082 ut
654 1020 738 1082 hosti
759 1019 884 1082 obviam
905 1019 1020 1096 iretur,
1042 1020 1069 1082 si
1089 1042 1108 1082 a
1129 1025 1248 1104 populo
1269 1043 1326 1085 ro·

301 1156 396 1199 rnano
420 1136 523 1215 palam
550 1132 743 1214 descivisset,
767 1135 956 1218 Vespasiani
983 1135 1150 1198 amicitiam
1170 1136 1327 1199 studium·

302 1269 364 1331 que
387 1247 522 1330 partium
543 1244 735 1326 praetendit,
766 1247 869 1312 missis
889 1266 964 1309 sane
986 1246 1026 1309 ad
1052 1270 1125 1311 eum
1144 1250 1240 1330 Primi
1260 1252 1328 1313 An·

303 1359 382 1423 tonii
407 1360 521 1434 literis,
552 1360 667 1441 quibus
683 1371 837 1422 'avertere
865 1360 964 1423 accita
990 1362 1120 1427 Vitellio
1150 1364 1267 1425 auxilia
1296 1376 1329 1427 et

303 1474 456 1535 tumultus
483 1471 651 1552 germanici
679 1472 782 1552 specie
805 1485 963 1535 retentare
988 1475 1125 1554 legiones
1149 1478 1329 1553 jubebatur.

305 1586 413 1649 eadem
435 1583 790 1657 HordeoniusFlaccus
817 1606 966 1667 praesens
989 1602 1156 1651 monuerat
1177 1590 1329 1653 inclinato

302 1703 340 1773 in
362 1701 591 1781 Vespasianum
614 1701 719 1761 animo
749 1712 780 1761 et
806 1699 1017 1780 reipublicae
1045 1722 1136 1781 cura,
1166 1706 1217 1767 cui
1243 1706 1331 1768 exci-

215 1846 243 1879 ,¹¹¹
306 1815 394 1879 dium
421 1813 624 1889 adventabat,
653 1813 680 1873 si
700 1811 944 1891 redintegratum
967 1814 1086 1879 bellum
1107 1827 1137 1877 et
1156 1827 1205 1879 tot
1225 1839 1332 1881 arma·

305 1941 411 1999 torum
434 1928 530 1989 millia
551 1926 670 1987 Italiam
692 1925 889 2004 irrupissent.

222 2071 295 2134 w
390 2043 489 2121 Igitur
518 2040 625 2103 Civilis
656 2036 846 2102 desciscendi
873 2050 992 2117 certus,
1022 2041 1176 2106 occultato
1203 2041 1333 2105 interim

309 2157 420 2221 altiore
445 2156 585 2231 consilio,
609 2168 711 2218 cetera
732 2168 906 2221 exessum
926 2155 1119 2234 judicaturus
1140 2178 1258 2220 novare
1279 2179 1332 2221 res

307 2270 368 2331 hoc
387 2266 482 2331 modo
506 2268 618 2347 coepit.
660 2268 754 2331 Jnssu
775 2270 895 2330 Vitellii
915 2269 1106 2333 Batavorum
1125 2277 1270 2349 juventus
1290 2270 1331 2335 ad

309 2378 462 2443 delectum
489 2380 663 2445 vocabatur
671 2400 680 2457 ‚‘
709 2400 804 2462 quem
827 2392 937 2460 suapte
967 2393 1081 2444 natura
1109 2401 1234 2462 gravem
1255 2404 1333 2446 one-

308 2494 421 2556 rabant
450 2493 587 2554 ministri
619 2493 751 2554 avaritia
787 2516 822 2556 ac
855 2495 934 2555 luxu
965 2514 1055 2557 senes
1089 2509 1144 2558 ant
1177 2496 1333 2562 invalidos

309 2606 543 2691 conquirendo,
572 2628 654 2690 qttos
681 2609 786 2689 pretio
811 2607 1011 2672 dimitterent.
1058 2631 1167 2674 rursus
1187 2613 1333 2692 impubes

310 2721 364 2784 sed
385 2723 487 2787 forma
517 2721 679 2802 conspicui
707 2717 753 2804 (et
781 2733 828 2784 est
853 2724 1010 2804 plerisque
1030 2744 1162 2805 procera
1183 2718 1333 2807 pueritia)

311 2833 350 2896 ad
372 2848 516 2916 stuprum
537 2835 753 2896 trahebantur.
796 2833 870 2894 hinc
892 2833 1028 2899 invidia:
1049 2849 1080 2898 ct
1100 2837 1265 2919 compositi
1285 2857 1335 2897 se·

311 2952 438 3016 ditionis
459 2964 601 3014 auctores
623 2951 791 3030 perpulere
816 2962 852 3010 ut
877 2946 1030 3012 delectum
1051 2953 1235 3014 abnuerent.
1281 2950 1337 3012 ct·

311 3068 381 3132 vilis
402 3067 558 3147 primores
579 3063 678 3142 gentis
699 3074 729 3122 et
750 3061 1001 3142 promptissimos
1025 3064 1110 3144 vulgi
1130 3065 1232 3145 specie
1255 3085 1334 3145 epu·

310 3183 414 3244 larum
443 3197 566 3242 sacrum
596 3178 629 3238 in
657 3197 768 3243 nemus
795 3188 923 3240 vocatos
951 3177 1008 3238 ubi
1037 3192 1128 3242 nocte
1156 3201 1192 3242 ac
1219 3181 1337 3242 laetitia

311 3294 476 3356 incaluisse
496 3290 598 3368 videt,
629 3313 647 3352 a
670 3289 763 3353 laude
788 3291 950 3373 gloriaque
972 3295 1072 3372 gentis
1094 3315 1184 3357 orsus
1202 3295 1337 3372 injurias

313 3417 343 3466 et
361 3418 469 3486 raptus
491 3418 522 3465 et
543 3417 645 3466 cetera
664 3403 782 3466 servitii
802 3403 885 3464 mala
905 3420 1078 3472 enumerat.
1119 3411 1231 3491 ‘neque
1251 3408 1337 3471 enim

313 3519 506 3595 societatem,
543 3529 577 3578 ut
610 3517 703 3595 otim,
741 3515 797 3579 sed
833 3531 983 3602 tanquam
1020 3523 1176 3604 mancipia
1217 3523 1338 3586 baberi.

315 3631 441 3715 quando
462 3635 599 3712 legatum
619 3633 706 3710 gravi
730 3632 858 3715 qttidem
880 3636 1027 3698 comitatu
1043 3651 1080 3703 ¹et
1103 3641 1240 3718 superbo
1264 3659 1338 3702 cum

312 3745 447 3828 imperio
477 3741 609 3811 venire?
659 3743 742 3810 tradi
770 3768 803 3809 se
834 3749 999 3829 praefectis
1028 3751 1337 3833 centurionibusque,

317 3877 397 3939 quos
421 3860 475 3922 ubi
501 3860 608 3941 spoliis
634 3871 665 3922 et
685 3859 836 3939 sanguine
857 3862 1068 3943 expleverint,
1092 3867 1207 3928 mutari
1227 3865 1339 3948 exqui-

316 3974 408 4053 rique
434 3993 533 4036 novos
556 3975 642 4038 sinus
665 3990 695 4038 et
716 3976 803 4041 varia
823 3974 996 4057 praedandi
1015 3981 1170 4042 vocabula
1219 3980 1338 4042 instare

316 4082 484 4169 delectum,
514 4108 577 4171 quo
606 4090 698 4152 liberi
727 4112 747 4151 a
774 4090 972 4172 parentibus,
1000 4092 1110 4156 iratres
1140 4116 1159 4156 a
1188 4092 1340 4156 fratribus
