2959 4875
315 413 359 479 76
662 404 726 473 EX
748 399 982 472 HISTORIIS

313 582 474 649 tudinlbue
488 584 598 647 fceaoe.
626 579 688 645 sed
701 578 809 645 addito
822 580 923 662 apatio
937 575 1112 641 rediturum
1125 587 1155 637 et
1168 573 1217 637 bia
1231 573 1336 638 robur

313 698 512 762 meditatione
529 699 616 761 belli,
656 717 714 759 nec
729 698 840 779 procul
855 694 1071 770 Germaniam,
1093 687 1178 753 unde
1197 687 1291 754 vires.

227 823 280 885 ab
398 815 442 900 (a.
463 810 519 899 69)
541 836 576 877 ac
598 836 637 876 ne
660 815 795 876 inermes
823 810 1005 894 provinciae
1031 806 1174 871 barbaris
1196 802 1335 866 nationi·

311 935 372 994 bue
392 941 643 1015 exponerentur,
671 928 829 1011 principee
850 925 1064 989 Sarmatarum
1084 920 1254 1007 Iazugum,
1275 936 1334 997 pe-

312 1064 367 1107 nee
387 1063 467 1128 quoe
489 1042 621 1107 civitatis
640 1043 789 1121 regimen,
811 1041 846 1102 in
867 1037 1081 1101 commilitium
1101 1031 1221 1096 adsciti.
1262 1030 1334 1111 ple-

310 1158 383 1219 bem
399 1177 528 1240 quoque
543 1168 575 1218 et
589 1157 653 1221 vim
668 1156 820 1239 equitum,
839 1176 902 1237 qua
917 1154 984 1217 sola
1000 1151 1117 1227 valent,
1137 1148 1332 1211 offerebant:

310 1273 476 1333 remieaum
488 1268 522 1332 id
534 1288 668 1347 munue,
689 1290 730 1331 na
747 1270 830 1331 inter
847 1265 1017 1330 discordiae
1035 1275 1165 1327 externa
1181 1258 1333 1323 moliren-

311 1395 364 1443 tur
385 1397 439 1445 aut
459 1388 575 1461 majore
597 1403 639 1445 ex
659 1381 784 1445 diverso
806 1377 948 1442 mercede
969 1384 1019 1457 jue
1037 1378 1147 1459 facque
1167 1384 1332 1435 exuerent.

309 1495 495 1559 Trabantur
514 1496 548 1558 in
569 1508 674 1578 partae
693 1493 770 1559 Sido
786 1508 880 1579 atque
895 1494 1020 1558 Italicus
1038 1509 1126 1573 reges
1141 1490 1331 1568 Suevorum,

309 1613 380 1694 quia
400 1624 489 1676 vctua
510 1612 698 1696 obsequium
718 1633 793 1694 erga
809 1612 978 1689 Romanoa,
1003 1624 1034 1672 et
1054 1628 1128 1691 gena
1148 1605 1222 1669 fidei
1243 1627 1330 1668 com·

307 1728 418 1791 mieaae
430 1727 609 1807 patientIor.
636 1728 743 1791 Ponite
754 1728 788 1789 in
800 1730 881 1791 latus
892 1726 1011 1789 auxilia
1021 1726 1134 1788 infesta
1145 1723 1263 1801 Raetia,
1278 1722 1331 1785 cui

305 1841 436 1903 Porcina
453 1839 646 1921 Septiminus
662 1854 851 1922 procurator
864 1854 939 1919 erat,
960 1839 1161 1920 incorruptae
1178 1854 1252 1916 erga
1267 1835 1329 1899 Vi·

304 1951 426 2014 tellium
437 1951 521 2015 fidei.
550 1952 650 2031 Igitur
659 1951 809 2015 Sextilius
820 1952 911 2018 Felix
924 1973 994 2016 cum
1008 1953 1057 2013 ala
1067 1952 1199 2015 auriana
1209 1961 1241 2011 et
1254 1959 1327 2013 octo

304 2066 487 2129 cohortibus
504 2087 539 2127 ac
552 2065 743 2128 Noricorum
759 2071 923 2143 juventute
941 2063 981 2129 ad
995 2062 1210 2145 occupandam
1224 2061 1329 2143 ripam

303 2182 385 2243 Aeni
400 2179 549 2257 fluminis,
568 2177 655 2262 quod
671 2179 786 2242 Baeton
803 2178 1001 2260 Noricosque
1016 2176 1180 2255 interfluit,
1200 2175 1324 2237 missua

219 2306 290 2368 ate
386 2280 431 2376 (a.
452 2289 509 2375 69)
536 2293 630 2356 simul
653 2292 765 2373 ingena
793 2279 1023 2355 Germanorum
1044 2293 1092 2356 vis
1119 2312 1179 2374 per
1200 2292 1329 2356 Raetiae

303 2407 483 2469 timebatur.

218 2534 288 2598 ³‚ttt
388 2520 465 2584 Sido
489 2532 582 2604 atque
603 2521 729 2584 Italicus
750 2518 849 2584 Saevi
875 2543 947 2585 cum
974 2523 1100 2586 delectio
1120 2524 1326 2606 popularium

302 2640 436 2719 primori
454 2639 487 2700 in
509 2638 573 2700 acie
593 2640 811 2701 versabantur.

217 2769 288 2832 ⁸2³⁵
389 2746 432 2834 (a.
454 2747 509 2833 69)
533 2751 569 2812 in
595 2750 728 2813 Galliam
757 2750 875 2812 Julium
903 2748 1055 2812 Calenum
1076 2751 1258 2830 tribunum,
1289 2754 1324 2815 in

303 2866 504 2930 Germaniam
533 2866 694 2948 Alpinium
725 2867 914 2928 Montanmn
948 2866 1142 2948 praefectum
1174 2868 1325 2945 cohortis,

302 2978 389 3062 quod
416 2980 467 3040 hic
495 2980 625 3058 Treuir,
657 2979 794 3042 Galenue
816 2978 965 3057 Aeduus,
996 2995 1129 3066 uterque
1159 2981 1322 3045 Vitelliani

300 3095 443 3174 fuerant,
470 3094 608 3157 ostentui
627 3093 750 3158 misere.
792 3093 887 3157 eimul
907 3095 1055 3158 transibis
1078 3096 1208 3178 Alpium
1228 3117 1323 3179 prae·

299 3207 387 3272 aldiis
410 3209 572 3293 occupati,
598 3222 742 3293 suspecta
770 3211 954 3289 Germania',
985 3223 1135 3294 tanquam
1164 3211 1198 3274 in
1228 3211 1324 3274 auxi-

298 3322 378 3382 lium
398 3323 519 3384 Vitellii
538 3302 762 3404 accingeretur.

215 3453 241 3516 a,
250 3453 283 3504 41
383 3429 426 3515 (a.
449 3434 504 3513 69)
525 3435 582 3497 ubi
602 3436 724 3514 cognito
743 3457 866 3516 pugnae
886 3439 1097 3500 cremonensis
1119 3450 1235 3503 eventu
1252 3439 1320 3500 nou

298 3544 446 3624 ignavum
474 3557 507 3606 et
534 3546 562 3608 ci
587 3548 785 3628 provenisset
806 3562 899 3612 atrox
926 3553 1090 3615 consilium
1115 3551 1187 3614 iniit
1202 3546 1249 3634 *),
1283 3563 1321 3612 ut

300 3665 433 3745 arreptie
462 3662 594 3727 navibus
626 3665 661 3726 in
699 3685 920 3749 quamcunque
956 3680 1077 3749 partem
1107 3667 1317 3730 narbonensis

299 3778 478 3854 provinciae
499 3797 639 3857 egreeaue
663 3777 798 3856 Gallias,
825 3793 856 3842 ct
878 3783 1051 3862 exercitus,
1078 3771 1109 3844 ct
1130 3780 1319 3846 Germaniae

297 3901 403 3967 genten
423 3911 607 3975 novumque
627 3894 747 3956 bellum
768 3893 874 3958 cieret.

350 4114 377 4179 ⁸)
396 4115 499 4168 Valeat.
