2959 4875
48 4252 51 4399 l

389 1071 621 1150 sucrum
645 1071 859 1171 nomon.

195 1403 295 1500 Quae
327 1419 359 1476 te
392 1429 555 1476 moneam.
583 1427 693 1502 pauca
728 1417 817 1477 sunt.
867 1400 961 1476 nihil
981 1402 1137 1504 exquisiti

117 1553 177 1608 aut
199 1534 369 1610 reconditi
394 1551 565 1634 exspectes
596 1534 640 1608 ab
674 1533 822 1607 editione
848 1535 885 1606 in
911 1562 1011 1608 usum
1036 1509 1137 1634 prae-

116 1663 281 1754 lectionis,
306 1693 409 1765 quam
436 1664 502 1739 hac
524 1664 635 1738 hieme
662 1664 705 1738 de
730 1664 839 1738 Taciti
864 1665 1048 1739 Germania
1075 1665 1137 1739 lra-

116 1794 193 1882 beo,
218 1794 394 1873 festinata,
414 1855 416 1864 .
434 1794 477 1870 ld
501 1812 615 1870 autem
639 1795 854 1896 potissimum
881 1795 1015 1870 consilii
1038 1823 1137 1872 secu-

115 1939 187 2002 tus„
203 1953 299 2028 sum,
323 1935 403 2014 tut,¹
419 1925 518 2027 meod
544 1954 571 2036 a
588 1923 740 2000 nemine
768 1924 896 2002 facturn
926 1951 1004 2002 esse
1022 1926 1137 2014 uideo,

44 2069 45 2094 ¹
115 2053 213 2133 locos
239 2065 289 2130 ex'
308 2054 505 2146 annalibus,
530 2054 701 2146 historiis,
725 2055 793 2130 vita
817 2056 976 2158 denique
991 2057 1136 2156 Agrico·

44 2243 45 2258 ,
115 2184 189 2275 lae,
215 2183 417 2288 quibusms
438 2204 575 2262 nonnae
600 2185 832 2278 illustrantur,
858 2214 977 2262 omnes
999 2215 1041 2262 ae
1060 2190 1136 2264 sin-

44 2337 45 2384 1
115 2316 216 2415 gulos
241 2317 457 2392 Germaniae
489 2319 681 2420 adjicerem.
741 2321 789 2395 ita
825 2347 951 2424 operae
989 2323 1136 2423 pretinm

45 2548 48 2571 μ
116 2448 237 2523 fecisse
262 2448 346 2525 nihi
372 2448 525 2538 videbor,
550 2451 580 2525 si
605 2450 735 2553 patriae
756 2450 966 2555 antiquitatis
990 2452 1136 2528 studiosi

118 2581 310 2657 accuratius
336 2583 529 2684 perspicere
548 2600 585 2657 et
611 2610 811 2686 comparare
832 2584 1025 2685 potuerint,
1049 2610 1138 2685 quae

45 2758 47 2817 p
116 2727 224 2783 totum
263 2739 350 2812 opus
387 2710 535 2811 legentes
575 2712 716 2813 ejusque
756 2712 978 2787 delectatione
1018 2732 1138 2814 captos

116 2828 216 2915 facile
249 2841 424 2941 effugiant.
486 2843 531 2917 de
564 2843 698 2945 integra
731 2842 928 2917 narratione
959 2842 1138 2916 seditionis

115 2968 290 3067 legionum
325 2971 617 3075 germanicarum,
651 3000 671 3047 a
704 2972 808 3045 rebus
839 2972 965 3047 nostris
997 2970 1137 3073 proprie

115 3100 264 3190 alienae,
306 3101 489 3175 inserenda
527 3100 701 3189 dubitavi;
745 3118 876 3175 motum
918 3100 1136 3188 vitellianum,

46 3316 47 3319 Ἴ
117 3257 197 3304 cum
231 3228 415 3305 rebellione
451 3231 566 3307 Civilis
598 3231 716 3307 intime
751 3257 960 3319 connexum,
1000 3229 1138 3328 longius

113 3388 294 3462 excerpere
320 3388 391 3435 non
418 3362 526 3437 omisi.
578 3362 734 3438 Ceterum
757 3360 795 3434 in
820 3358 1021 3458 refingendo
1045 3375 1136 3432 textu

113 3520 239 3593 parum
266 3492 407 3567 discessi
435 3492 620 3569 electione
649 3493 786 3596 optimis
811 3492 973 3583 Bellen,
1001 3494 1137 3592 Ruper-

47 3626 49 3657 '
111 3625 172 3712 tii,
204 3623 402 3714 Waltheri,
437 3626 560 3700 Bachii
588 3624 795 3700 editionibus
818 3623 969 3712 firmata,
1002 3637 1138 3721 praeter

112 3780 202 3855 quas
242 3772 275 3828 et
315 3754 501 3830 Germania
537 3757 708 3847 Passovii‚
747 3755 880 3844 Hessii‚
916 3749 1138 3849 omniumque

48 3926 49 3965 1
110 3883 300 3957 novissima
335 3913 375 3959 ac
409 3885 480 3959 sere
514 3885 773 3985 castigatissima
809 3880 982 3957 Gerlachii
1015 3881 1136 3954 merito

110 4044 131 4089 a
168 4043 223 4089 me
257 4016 411 4091 adhibita
446 4036 504 4092 est.
566 4018 684 4117 Quum
716 4035 829 4091 tamen
866 4016 901 4089 in
938 4014 1136 4090 nominihus

110 4145 367 4220 Germanorum
392 4146 544 4248 propriis
569 4163 695 4221 textum
718 4146 903 4221 inveterato
928 4172 1029 4247 saepe
1055 4143 1135 4218 vitio
