2959 4875
23 513 25 638 l

503 388 574 457 ’1111
596 390 832 460 HISTORIIS
1135 400 1179 465 rt

238 564 283 642 (a.
305 558 362 648 69)
390 563 532 626 Turbata
553 586 612 646 per
640 562 766 628 eosdem
794 564 860 629 dies
882 566 1050 631 Germania
1072 581 1102 631 et
1125 590 1177 632 66-
1192 580 1218 643 6,
1227 583 1264 635 «to

148 678 261 744 cordia
275 679 415 757 'duetrm,
443 677 596 744 seditione
616 681 794 763 legionum,
817 697 948 747 externa
970 684 1017 764 vi,
1046 686 1177 767 perfidia

78 826 99 847 ο
148 796 260 861 sociali
281 819 382 880 prope
412 796 527 859 61111616
548 818 681 861 romana
707 818 771 861 res.
810 798 844 862 id
868 802 985 863 bellum
1008 822 1078 865 cum
1101 824 1175 866 cuu-

147 915 194 978 sis
223 925 254 976 61
283 914 446 977 eventibus
480 910 611 996 (etenim
638 908 762 995 longius
793 929 978 998 provectum
1007 915 1066 1001 est)
1097 940 1175 982 mox

148 1027 406 1092 memorabimus.

236 1139 280 1225 (a.
292 1135 349 1224 69)
364 1139 535 1220 intersepta
549 1137 781 1203 Germanorum
797 1140 1032 1227 Raetorumque
1045 1144 1173 1209 auxilia.
1187 1156 1258 1219 ³2⁵³

188 1261 192 1268 ’
235 1253 279 1337 (a.
296 1253 352 1336 69)
374 1252 481 1316 Isdem
505 1250 618 1316 diebus
640 1252 758 1317 Fabius
781 1255 901 1318 Valens
923 1256 1039 1319 Urbini
1061 1257 1094 1319 in
1118 1280 1172 1321 cu·
1186 1260 1258 1323 ⁸2⁶2

147 1368 250 1434 stodia
265 1368 467 1433 interficitur:
499 1380 594 1450 caput
609 1373 676 1448 ejus
688 1370 855 1435 vitellianis
872 1371 1053 1434 cohortibus
1068 1385 1173 1435 osten-

146 1496 264 1563 tatum,
293 1504 334 1545 ne
359 1482 455 1567 quam
481 1483 565 1546 ultra
591 1497 679 1567 spem
705 1486 868 1549 foverent:
901 1505 974 1549 nam
996 1487 1170 1568 pervasisse

144 1596 181 1657 in
204 1596 390 1659 Germanias
411 1596 578 1659 Valentem
603 1608 635 1659 et
661 1608 782 1661 veteres
808 1596 871 1661 illic
893 1617 1057 1681 novosque
1079 1618 1171 1660 exer·

143 1712 225 1775 citus
242 1712 324 1777 ciere
344 1710 523 1775 credebant.
564 1706 633 1775 visa
649 1712 743 1775 caede
760 1712 794 1773 in
814 1710 1061 1795 desperationem
1075 1714 1169 1781 tersi.

138 1866 142 1871 -
230 1821 276 1909 (a.
297 1820 355 1910 69)
379 1822 482 1888 Isdem
507 1822 618 1887 diebus
649 1826 893 1889 crebrescentem
922 1824 1018 1891 cladis
1046 1848 1166 1909 germa·
1184 1834 1254 1906 4,ss

141 1938 235 1999 nicae
256 1938 370 2001 famam
388 1960 589 2024 nequaquam
612 1953 732 2005 moesta
753 1943 860 2003 civitas
882 1943 1073 2023 excipiebat:
1096 1966 1165 2006 cae-

140 2048 195 2117 sos
217 2050 494 2137 66616116666616
516 2054 675 2135 legionum
695 2053 838 2134 hiberna,
864 2052 1028 2120 descivisse
1049 2058 1165 2121 Gallias

140 2188 210 2229 non
232 2181 269 2231 ut
288 2170 371 2231 mala
389 2171 611 2253 loquebantur.
654 2168 692 2233 Id
712 2170 830 2233 bellum
852 2170 967 2255 quibus
989 2172 1090 2235 causis
1106 2162 1165 2236 'or-

139 2292 226 2355 tum,
260 2295 378 2363 quanto
414 2294 614 2344 externarum
649 2283 868 2368 sociarumque
900 2288 1040 2367 gentium
1075 2298 1163 2350 motu

138 2396 319 2478 flagraverit
338 2398 430 2460 altius
453 2397 640 2480 expendam.
682 2399 811 2477 Batavi,
843 2398 942 2466 donec
965 2416 1052 2467 trans
1079 2403 1164 2466 Rhe-

139 2499 217 2573 num
238 2512 381 2592 agebant,
403 2531 476 2592 pars
498 2510 694 2588 Chattorum,
718 2511 871 2575 seditione
893 2512 1061 2578 domestica
1081 2517 1166 2599 pulsi

138 2638 280 2689 extrema
311 2624 438 2706 gallicae
468 2645 558 2706 orae,
598 2645 696 2687 vacua
726 2625 899 2688 cultoribus
926 2615 1083 2712 simulque
1113 2629 1192 2699 in·¹

136 2743 238 2804 sulam
265 2741 351 2804 inter
371 2738 454 2804 vada
479 2739 571 2801 sitam
598 2759 807 2821 occupavere,
836 2760 931 2822 quam
959 2763 1044 2803 mare
1072 2763 1162 2804 ocea-

136 2874 213 2915 num
234 2875 254 2914 a
275 2855 395 2927 frome,
428 2852 559 2914 Rhenus
582 2851 682 2915 amnis
703 2863 826 2932 tergum
853 2873 888 2914 ac
908 2853 1006 2916 latera
1029 2855 1161 2917 circum·

134 2967 214 3032 tuit:
240 2987 300 3028 nec
324 2967 438 3047 opibus
454 2965 594 3027 romanis
615 2964 762 3027 societate
783 2964 972 3030 validiorum
993 2967 1092 3029 attriti
1112 2967 1161 3033 vi·

133 3099 188 3141 ros
208 3091 331 3140 1661616
352 3098 501 3160 armaque
524 3076 658 3157 imperio
681 3077 877 3156 ministrant,
899 3076 954 3140 dtu
975 3081 1159 3158 germanicis

133 3192 226 3256 bellis
252 3193 397 3273 exerciti,
424 3212 502 3255 mox
531 3203 621 3254 66616
640 3211 700 3272 per
719 3191 917 3255 Britanniam
936 3194 1036 3273 gloria
1055 3205 1158 3256 16666·

131 3304 236 3369 missis
255 3308 331 3368 illue
351 3305 553 3382 cohortibus,
583 3325 661 3388 quas
681 3316 787 3369 vetere
808 3306 950 3371 instituto
971 3309 1158 3372 nobilissimi

130 3422 333 3504 popularium
351 3424 509 3501 regebant.
551 3431 618 3482 erat
633 3432 665 3482 et
680 3415 767 3484 domi
784 3419 920 3485 delectus
937 3444 1042 3508 eques,
1063 3447 1156 3507 prae-

129 3535 224 3617 cipue
240 3534 338 3598 nandi
356 3533 471 3612 studio,
491 3552 580 3594 arma
601 3554 762 3617 equosque
782 3535 922 3599 retinens
941 3536 1069 3616 integris
1087 3549 1155 3597 tur-

127 3652 187 3712 mis
209 3651 357 3713 Rhenum
377 3669 593 3731 perrumpere.

214 3764 316 3828 Iulius
335 3765 452 3827 Paulus
476 3776 508 3826 et
527 3762 677 3827 Claudius
701 3762 809 3827 Civilis
830 3761 916 3842 regia
936 3760 1031 3842 stirpe
1052 3761 1152 3825 multo
1167 3795 1237 3858 ω

126 3890 249 3940 ceteros
265 3876 440 3940 'anteibant
486 3876 619 3938 Paulum
642 3872 791 3952 Fonteius
815 3873 927 3956 Capito
948 3875 1028 3938 falso
1049 3878 1152 3940 rebel-

122 3991 221 4053 lionis
244 3990 374 4052 crimIne
397 3989 563 4052 interiecit.
604 3991 734 4067 injectae
758 3985 850 4050 civiti
876 3997 1002 4050 catenae
1023 3988 1152 4052 missus-

124 4127 189 4188 que
218 4105 258 4168 611
288 4106 467 4182 Neronem,
500 4118 531 4166 et
558 4125 577 4165 a
603 4103 704 4170 Galba
732 4104 911 4181 absolutus,
941 4104 1000 4165 sub
1021 4104 1149 4167 Vitellio
1201 4185 1203 4190 ι
