2959 4875
502 436 565 507 [IX
586 434 824 505 HISTORIIS
1130 434 1176 503 79

142 618 232 684 velut
265 636 447 700 supremum
476 613 667 679 dividantur.
712 636 877 699 nunquam
906 615 1004 696 magis
1030 611 1176 681 afflictam

142 754 211 795 rem
233 752 415 808 romanam,
446 751 504 793 nec
525 726 611 793 aliud
631 728 666 790 in
686 728 828 791 hibernis
850 749 944 812 quam
973 729 1175 811 praeclamet

143 866 246 909 senes.
300 848 476 909 attollerent
507 858 628 909 tantum
660 846 785 921 oculos,
819 858 850 907 et
880 845 988 907 inania
1016 847 1174 926 legionum

142 962 273 1023 nomina
293 981 333 1021 ne
354 973 565 1040 pavescerent.
609 972 641 1021 at
658 960 719 1022 sibi
735 963 837 1022 robur
854 959 993 1040 peditum
1015 958 1173 1041 equitum·

146 1096 227 1157 que,
254 1074 502 1153 consanguineos
524 1072 716 1149 Germanos,
748 1072 864 1134 Gallias
892 1072 976 1136 idem
1004 1073 1175 1153 cupientes.

143 1206 185 1249 ne
211 1188 360 1251 Romanis
390 1185 518 1269 quidem
546 1186 703 1265 ingratum
730 1184 767 1247 id
793 1186 928 1265 bellum,
961 1191 1048 1263 cujus
1073 1191 1172 1251 ambi·

142 1324 236 1385 guam
255 1304 416 1365 fortunam
436 1300 635 1384 Vespasiano
655 1301 884 1383 imputaturus:
907 1301 1058 1365 victoriae
1075 1303 1172 1365 ratio-

142 1440 216 1481 nem
241 1440 307 1483 non
329 1417 440 1481 reddi)

228 1536 345 1616 Magno
368 1556 439 1597 cum
463 1554 590 1597 assensu
619 1529 744 1595 auditus
767 1533 905 1594 barbaro
926 1530 991 1593 ritu
1011 1541 1043 1591 ct
1062 1530 1171 1611 patriis
1183 1550 1210 1615 4,
1220 1552 1256 1604 1⁶

143 1648 415 1711 exsecrationibus.
434 1646 600 1709 universos
623 1643 727 1726 adigit.
770 1644 862 1710 Missi
885 1643 926 1706 ad
951 1642 1172 1707 Canninefates

142 1760 200 1843 qui
235 1760 375 1823 consilia
394 1761 558 1823 sociarent.
612 1779 652 1821 ea
681 1779 758 1840 gens
785 1771 906 1839 partem
936 1757 1057 1820 insudas
1087 1760 1171 1837 colit,

141 1874 273 1953 origine,
292 1874 409 1953 lingua,
430 1873 545 1936 virtute
568 1894 626 1955 par
649 1872 797 1937 Batavis:
818 1893 951 1935 numero
972 1888 1171 1954 superantur.

139 1988 223 2051 Mox
251 1982 378 2048 occultis
406 1986 524 2051 nuntiis
542 1987 687 2067 ‚perlexit
713 1988 888 2050 britannica
912 1991 1046 2065 auxilia,
1074 1993 1169 2055 Bata·

141 2124 256 2169 vorum
276 2104 425 2165 cohortes
446 2098 555 2161 missas
577 2099 621 2159 in'
635 2098 850 2179 Germaniam,
876 2114 911 2163 ut
933 2110 1028 2185 'supra
1049 2106 1170 2167 rettuli·

143 2224 230 2293 mus,
251 2223 296 2275 'ac
319 2226 386 2274 tum
409 2212 600 2292 Magontiaci
622 2224 758 2290 agentes.
799 2214 877 2277 Erat
899 2216 933 2276 in
955 2216 1169 2281 Canninefati-

142 2332 202 2393 bus
227 2326 358 2391 stolidae
385 2325 533 2389 audaciae
561 2326 683 2390 Brinno
697 2322 748 2409 ³¹⁸),
782 2330 920 2392 claritate
947 2333 1095 2394 natalium
1118 2335 1169 2395 in·

145 2447 235 2527 signi.
276 2458 367 2528 pater
387 2450 453 2522 ejus
473 2446 573 2506 multa
596 2445 722 2508 hostilia
745 2466 839 2507 atreus
868 2451 1046 2525 cajanarum
1072 2469 1168 2529 expe-

143 2560 297 2624 ditionum
325 2557 498 2621 ludibrium
527 2560 656 2640 impune
685 2573 858 2641 spreverat.
900 2562 997 2642 igitur
1021 2563 1091 2644 ipso
1116 2585 1169 2626 re·

143 2675 233 2737 bellis
253 2674 391 2736 familiae
414 2673 541 2735 nomine
562 2674 693 2753 placuit,
720 2673 948 2759 impositusque
973 2693 1060 2741 scuto
1079 2700 1167 2742 more

142 2789 239 2869 gentis
269 2800 301 2850 et
328 2787 547 2848 sustinentium
576 2785 716 2848 humeris
745 2788 887 2851 vibratus
917 2789 983 2853 dux
1014 2790 1169 2870 deligitur.

141 2900 314 2984 Statimque
335 2899 438 2960 accitis
459 2898 568 2962 Frisiis
592 2895 833 2984 (transrhenana
853 2923 927 2982 gens
949 2897 1010 2984 est)
1032 2903 1167 2966 duarum

141 3019 317 3082 cohortium
345 3017 479 3078 hiberna
503 3013 651 3096 proxima
681 3029 837 3097 occupatu
865 3038 983 3081 oceano
1011 3018 1167 3101 irrumpit.

140 3153 197 3194 nec
217 3127 439 3212 praeviderant
458 3126 609 3208 impetum
631 3126 770 3190 hostium
792 3130 914 3208 milites,
936 3153 1004 3208 nec,
1026 3131 1054 3192 si
1074 3153 1166 3213 prae·

140 3244 306 3322 vidissent,
338 3242 411 3304 satis
432 3240 548 3303 virium
575 3237 616 3300 ad
639 3238 810 3303 arcendum
832 3255 908 3305 erat.
950 3242 1050 3326 Capta
1068 3245 1166 3326 igitur

140 3372 171 3422 et
201 3358 323 3440 direpta
354 3368 463 3420 castra.
514 3351 587 3416 dein
616 3375 711 3435 vagos
746 3368 778 3418 et
806 3358 892 3438 pacis
919 3358 1015 3422 modo
1047 3361 1164 3424 effusos

138 3477 219 3538 linas
242 3474 513 3554 negotiatoresque
535 3491 683 3535 romanos
704 3469 870 3536 invadunt.
920 3473 1013 3539 simul
1035 3475 1164 3538 excidiis

140 3590 338 3651 castellorum
369 3583 591 3661 imminebant,
626 3605 706 3667 quae
737 3608 756 3646 a
787 3586 954 3668 praelectis
985 3591 1164 3652 cohortium

137 3705 267 3766 incensa
288 3711 372 3778 sunt,
393 3695 468 3780 quia
492 3693 618 3757 delendi
638 3698 821 3780 nequibant.
866 3698 961 3779 Signa
983 3701 1163 3785 vexillaque

139 3833 170 3882 et
197 3817 285 3902 quod
310 3814 443 3877 militum
467 3810 502 3872 in
528 3812 723 3894 superiorem
746 3813 867 3878 insulae
887 3825 1009 3896 partem
1032 3836 1163 3896 congre·

195 4083 222 4151 ·)
240 4083 286 4138 alii
310 4083 386 4139 codd.
410 4084 507 4152 Brtno,
530 4084 634 4151 Brinio,
663 4083 778 4148 Bruma,
803 4079 1160 4146 antecantamenta

138 4181 259 4238 extrices.
