<?xml version="1.0" encoding="UTF-8"?>
<!DOCTYPE html PUBLIC "-//W3C//DTD XHTML 1.0 Transitional//EN"
    "http://www.w3.org/TR/xhtml1/DTD/xhtml1-transitional.dtd">
<html xmlns="http://www.w3.org/1999/xhtml" xml:lang="en" lang="en">
 <head>
  <title>
</title>
<meta http-equiv="Content-Type" content="text/html;charset=utf-8" />
  <meta name='ocr-system' content='tesseract 3.04.00' />
  <meta name='ocr-capabilities' content='ocr_page ocr_carea ocr_par ocr_line ocrx_word'/>
</head>
<body>
  <div class='ocr_page' id='page_1' title='image "./tacitigermania00grimgoog_0066.png"; bbox 0 0 2959 4875; ppageno 0'>
   <div class='ocr_carea' id='block_1_1' title="bbox 315 368 997 444">
    <p class='ocr_par' dir='ltr' id='par_1_1' title="bbox 315 368 997 444">
     <span class='ocr_line' id='line_1_1' title="bbox 315 368 997 444; baseline 0 0"><span class='ocrx_word' id='word_1_1' title='bbox 315 377 360 444; x_wconf 81' lang='lat'><strong>56</strong></span> <span class='ocrx_word' id='word_1_2' title='bbox 654 373 717 444; x_wconf 72' lang='lat' dir='ltr'><strong>EX</strong></span> <span class='ocrx_word' id='word_1_3' title='bbox 739 368 997 444; x_wconf 67' lang='lat' dir='ltr'><strong>tartessus</strong></span> 
     </span>
    </p>
   </div>
   <div class='ocr_carea' id='block_1_2' title="bbox 179 542 1463 4173">
    <p class='ocr_par' dir='ltr' id='par_1_2' title="bbox 179 542 1463 4173">
     <span class='ocr_line' id='line_1_2' title="bbox 215 542 1346 633; baseline -0.011 -11"><span class='ocrx_word' id='word_1_4' title='bbox 215 567 300 633; x_wconf 86' lang='lat' dir='ltr'><strong>tt,1tt</strong></span> <span class='ocrx_word' id='word_1_5' title='bbox 399 542 444 632; x_wconf 86' lang='lat' dir='ltr'><strong>(a.</strong></span> <span class='ocrx_word' id='word_1_6' title='bbox 464 544 520 632; x_wconf 82' lang='lat'><strong>4⁷)</strong></span> <span class='ocrx_word' id='word_1_7' title='bbox 541 544 659 612; x_wconf 86' lang='lat' dir='ltr'><strong>Eodem</strong></span> <span class='ocrx_word' id='word_1_8' title='bbox 686 569 771 612; x_wconf 85' lang='lat' dir='ltr'><strong>anno</strong></span> <span class='ocrx_word' id='word_1_9' title='bbox 793 547 1025 613; x_wconf 67' lang='lat' dir='ltr'>Cheruscorum</span> <span class='ocrx_word' id='word_1_10' title='bbox 1046 563 1123 626; x_wconf 76' lang='lat' dir='ltr'><strong>geas</strong></span> <span class='ocrx_word' id='word_1_11' title='bbox 1145 564 1251 626; x_wconf 80' lang='lat' dir='ltr'><strong>regem</strong></span> <span class='ocrx_word' id='word_1_12' title='bbox 1272 545 1346 610; x_wconf 84' lang='lat' dir='ltr'><strong>Ro·</strong></span> 
     </span>
     <span class='ocr_line' id='line_1_3' title="bbox 315 657 1345 744; baseline 0 -24"><span class='ocrx_word' id='word_1_13' title='bbox 315 678 385 722; x_wconf 84' lang='lat' dir='ltr'><strong>mae</strong></span> <span class='ocrx_word' id='word_1_14' title='bbox 406 659 519 741; x_wconf 82' lang='lat' dir='ltr'><strong>petivit</strong></span> <span class='ocrx_word' id='word_1_15' title='bbox 542 660 660 725; x_wconf 82' lang='lat' dir='ltr'><strong>emissis</strong></span> <span class='ocrx_word' id='word_1_16' title='bbox 681 681 740 744; x_wconf 86' lang='lat' dir='ltr'><strong>per</strong></span> <span class='ocrx_word' id='word_1_17' title='bbox 762 663 890 724; x_wconf 79' lang='lat' dir='ltr'><strong>iuterna</strong></span> <span class='ocrx_word' id='word_1_18' title='bbox 909 661 991 724; x_wconf 84' lang='lat' dir='ltr'><strong>belle</strong></span> <span class='ocrx_word' id='word_1_19' title='bbox 1011 657 1189 737; x_wconf 88' lang='lat' dir='ltr'><strong>nobilibus,</strong></span> <span class='ocrx_word' id='word_1_20' title='bbox 1219 669 1252 720; x_wconf 85' lang='lat' dir='ltr'><strong>et</strong></span> <span class='ocrx_word' id='word_1_21' title='bbox 1271 679 1345 721; x_wconf 88' lang='lat' dir='ltr'><strong>uuo</strong></span> 
     </span>
     <span class='ocr_line' id='line_1_4' title="bbox 316 769 1345 858; baseline 0.001 -24"><span class='ocrx_word' id='word_1_22' title='bbox 316 769 441 854; x_wconf 84' lang='lat' dir='ltr'><strong>reliquo</strong></span> <span class='ocrx_word' id='word_1_23' title='bbox 462 772 568 856; x_wconf 84' lang='lat' dir='ltr'><strong>stirpis</strong></span> <span class='ocrx_word' id='word_1_24' title='bbox 589 773 711 854; x_wconf 79' lang='lat' dir='ltr'><strong>regiae,</strong></span> <span class='ocrx_word' id='word_1_25' title='bbox 739 773 796 858; x_wconf 84' lang='lat' dir='ltr'><strong>qui</strong></span> <span class='ocrx_word' id='word_1_26' title='bbox 818 771 902 856; x_wconf 85' lang='lat' dir='ltr'><strong>apud</strong></span> <span class='ocrx_word' id='word_1_27' title='bbox 924 774 1038 835; x_wconf 86' lang='lat' dir='ltr'><strong>urbem</strong></span> <span class='ocrx_word' id='word_1_28' title='bbox 1058 771 1251 850; x_wconf 79' lang='lat' dir='ltr'><strong>habebatur,</strong></span> <span class='ocrx_word' id='word_1_29' title='bbox 1279 790 1345 835; x_wconf 84' lang='lat' dir='ltr'><strong>no·</strong></span> 
     </span>
     <span class='ocr_line' id='line_1_5' title="bbox 316 881 1344 968; baseline 0 -22"><span class='ocrx_word' id='word_1_30' title='bbox 316 881 402 946; x_wconf 80' lang='lat' dir='ltr'><strong>miae</strong></span> <span class='ocrx_word' id='word_1_31' title='bbox 432 884 570 950; x_wconf 82' lang='lat' dir='ltr'><strong>Italicus.</strong></span> <span class='ocrx_word' id='word_1_32' title='bbox 623 898 790 968; x_wconf 80' lang='lat' dir='ltr'><strong>paternum</strong></span> <span class='ocrx_word' id='word_1_33' title='bbox 816 886 895 950; x_wconf 23' lang='lat' dir='ltr'><strong>,huic</strong></span> <span class='ocrx_word' id='word_1_34' title='bbox 927 903 1077 967; x_wconf 35' lang='lat' dir='ltr'><strong>genuere</strong></span> <span class='ocrx_word' id='word_1_35' title='bbox 1110 885 1210 955; x_wconf 74' lang='lat' dir='ltr'><strong>Flauo</strong></span> <span class='ocrx_word' id='word_1_36' title='bbox 1241 885 1344 948; x_wconf 81' lang='lat' dir='ltr'><strong>fratre</strong></span> 
     </span>
     <span class='ocr_line' id='line_1_6' title="bbox 318 996 1343 1084; baseline 0 -22"><span class='ocrx_word' id='word_1_37' title='bbox 318 998 470 1078; x_wconf 75' lang='lat' dir='ltr'><strong>Arminii,</strong></span> <span class='ocrx_word' id='word_1_38' title='bbox 500 1011 600 1064; x_wconf 82' lang='lat' dir='ltr'><strong>mater</strong></span> <span class='ocrx_word' id='word_1_39' title='bbox 622 1015 662 1068; x_wconf 78' lang='lat' dir='ltr'><strong>ex</strong></span> <span class='ocrx_word' id='word_1_40' title='bbox 683 1000 853 1084; x_wconf 79' lang='lat' dir='ltr'><strong>Aetamero</strong></span> <span class='ocrx_word' id='word_1_41' title='bbox 879 997 1023 1080; x_wconf 80' lang='lat' dir='ltr'>principe</span> <span class='ocrx_word' id='word_1_42' title='bbox 1046 996 1233 1062; x_wconf 75' lang='lat' dir='ltr'><strong>Chattorum</strong></span> <span class='ocrx_word' id='word_1_43' title='bbox 1255 1012 1343 1062; x_wconf 83' lang='lat' dir='ltr'><strong>erat:</strong></span> 
     </span>
     <span class='ocr_line' id='line_1_7' title="bbox 316 1106 1463 1198; baseline 0.009 -25"><span class='ocrx_word' id='word_1_44' title='bbox 316 1113 384 1194; x_wconf 90' lang='lat' dir='ltr'><strong>ipse</strong></span> <span class='ocrx_word' id='word_1_45' title='bbox 408 1113 511 1179; x_wconf 83' lang='lat' dir='ltr'><strong>forme</strong></span> <span class='ocrx_word' id='word_1_46' title='bbox 541 1110 734 1184; x_wconf 71' lang='lat' dir='ltr'><strong>deeorueet</strong></span> <span class='ocrx_word' id='word_1_47' title='bbox 763 1115 857 1183; x_wconf 85' lang='lat' dir='ltr'><strong>armis</strong></span> <span class='ocrx_word' id='word_1_48' title='bbox 887 1115 1039 1198; x_wconf 77' lang='lat' dir='ltr'>equisque</span> <span class='ocrx_word' id='word_1_49' title='bbox 1052 1114 1098 1176; x_wconf 70' lang='lat' dir='ltr'><strong>‘in</strong></span> <span class='ocrx_word' id='word_1_50' title='bbox 1121 1113 1260 1197; x_wconf 81' lang='lat' dir='ltr'><strong>patrium</strong></span> <span class='ocrx_word' id='word_1_51' title='bbox 1280 1134 1343 1177; x_wconf 86' lang='lat' dir='ltr'><strong>no·</strong></span> <span class='ocrx_word' id='word_1_52' title='bbox 1461 1106 1463 1183; x_wconf 45' lang='grc' dir='ltr'><strong>ᾗ</strong></span> 
     </span>
     <span class='ocr_line' id='line_1_8' title="bbox 318 1227 1344 1310; baseline 0.001 -20"><span class='ocrx_word' id='word_1_53' title='bbox 318 1235 480 1310; x_wconf 76' lang='lat' dir='ltr'><strong>suumque</strong></span> <span class='ocrx_word' id='word_1_54' title='bbox 510 1243 633 1291; x_wconf 77' lang='lat' dir='ltr'><strong>moreat</strong></span> <span class='ocrx_word' id='word_1_55' title='bbox 659 1227 827 1298; x_wconf 70' lang='lat' dir='ltr'><strong>exercitus,</strong></span> <span class='ocrx_word' id='word_1_56' title='bbox 871 1227 970 1308; x_wconf 80' lang='lat' dir='ltr'><strong>Igitur</strong></span> <span class='ocrx_word' id='word_1_57' title='bbox 999 1247 1106 1293; x_wconf 83' lang='lat' dir='ltr'><strong>caesar</strong></span> <span class='ocrx_word' id='word_1_58' title='bbox 1134 1238 1263 1290; x_wconf 78' lang='lat' dir='ltr'><strong>suetum</strong></span> <span class='ocrx_word' id='word_1_59' title='bbox 1276 1248 1344 1308; x_wconf 85' lang='lat' dir='ltr'><strong>pe·</strong></span> 
     </span>
     <span class='ocr_line' id='line_1_9' title="bbox 320 1335 1342 1422; baseline -0.001 -20"><span class='ocrx_word' id='word_1_60' title='bbox 320 1339 421 1417; x_wconf 83' lang='lat' dir='ltr'><strong>cunia,</strong></span> <span class='ocrx_word' id='word_1_61' title='bbox 442 1337 555 1402; x_wconf 83' lang='lat' dir='ltr'><strong>additis</strong></span> <span class='ocrx_word' id='word_1_62' title='bbox 576 1339 788 1422; x_wconf 65' lang='lat' dir='ltr'><strong>stipatoribus,</strong></span> <span class='ocrx_word' id='word_1_63' title='bbox 809 1340 956 1402; x_wconf 84' lang='lat' dir='ltr'><strong>hortetur</strong></span> <span class='ocrx_word' id='word_1_64' title='bbox 968 1338 1089 1420; x_wconf 63' lang='lat' dir='ltr'><strong>,gentile</strong></span> <span class='ocrx_word' id='word_1_65' title='bbox 1110 1335 1205 1402; x_wconf 85' lang='lat' dir='ltr'><strong>decus</strong></span> <span class='ocrx_word' id='word_1_66' title='bbox 1226 1357 1342 1419; x_wconf 82' lang='lat' dir='ltr'><strong>magno</strong></span> 
     </span>
     <span class='ocr_line' id='line_1_10' title="bbox 237 1451 1343 1536; baseline -0.007 -16"><span class='ocrx_word' id='word_1_67' title='bbox 237 1513 243 1520; x_wconf 91' lang='lat'>.</span> <span class='ocrx_word' id='word_1_68' title='bbox 319 1451 424 1516; x_wconf 82' lang='lat' dir='ltr'><strong>animo</strong></span> <span class='ocrx_word' id='word_1_69' title='bbox 445 1473 624 1536; x_wconf 72' lang='lat' dir='ltr'><strong>capesseret</strong></span> <span class='ocrx_word' id='word_1_70' title='bbox 646 1451 897 1536; x_wconf 60' lang='lat' dir='ltr'><strong>illum&#39;primuua</strong></span> <span class='ocrx_word' id='word_1_71' title='bbox 917 1452 1036 1531; x_wconf 80' lang='lat' dir='ltr'><strong>Romae</strong></span> <span class='ocrx_word' id='word_1_72' title='bbox 1059 1464 1179 1531; x_wconf 88' lang='lat' dir='ltr'><strong>ortum,</strong></span> <span class='ocrx_word' id='word_1_73' title='bbox 1203 1472 1264 1515; x_wconf 87' lang='lat' dir='ltr'><strong>uec</strong></span> <span class='ocrx_word' id='word_1_74' title='bbox 1282 1453 1343 1516; x_wconf 90' lang='lat' dir='ltr'><strong>ob·</strong></span> 
     </span>
     <span class='ocr_line' id='line_1_11' title="bbox 319 1564 1341 1651; baseline 0 -21"><span class='ocrx_word' id='word_1_75' title='bbox 319 1564 418 1632; x_wconf 85' lang='lat' dir='ltr'><strong>sidem</strong></span> <span class='ocrx_word' id='word_1_76' title='bbox 439 1565 494 1632; x_wconf 84' lang='lat' dir='ltr'><strong>sed</strong></span> <span class='ocrx_word' id='word_1_77' title='bbox 517 1567 617 1634; x_wconf 86' lang='lat' dir='ltr'><strong>civem</strong></span> <span class='ocrx_word' id='word_1_78' title='bbox 637 1567 684 1634; x_wconf 87' lang='lat' dir='ltr'><strong>ire</strong></span> <span class='ocrx_word' id='word_1_79' title='bbox 701 1579 866 1632; x_wconf 87' lang='lat' dir='ltr'><strong>externum</strong></span> <span class='ocrx_word' id='word_1_80' title='bbox 886 1566 926 1632; x_wconf 81' lang='lat' dir='ltr'><strong>ad</strong></span> <span class='ocrx_word' id='word_1_81' title='bbox 946 1568 1125 1651; x_wconf 85' lang='lat' dir='ltr'><strong>imperium.</strong></span> <span class='ocrx_word' id='word_1_82' title='bbox 1165 1569 1211 1632; x_wconf 88' lang='lat' dir='ltr'><strong>Ae</strong></span> <span class='ocrx_word' id='word_1_83' title='bbox 1233 1568 1341 1650; x_wconf 86' lang='lat' dir='ltr'><strong>primo</strong></span> 
     </span>
     <span class='ocr_line' id='line_1_12' title="bbox 319 1681 1343 1770; baseline -0.001 -24"><span class='ocrx_word' id='word_1_84' title='bbox 319 1683 417 1748; x_wconf 85' lang='lat' dir='ltr'><strong>laetus</strong></span> <span class='ocrx_word' id='word_1_85' title='bbox 439 1684 603 1750; x_wconf 82' lang='lat' dir='ltr'><strong>Germanis</strong></span> <span class='ocrx_word' id='word_1_86' title='bbox 624 1684 793 1764; x_wconf 81' lang='lat' dir='ltr'><strong>adventus,</strong></span> <span class='ocrx_word' id='word_1_87' title='bbox 816 1698 911 1770; x_wconf 85' lang='lat' dir='ltr'><strong>atque</strong></span> <span class='ocrx_word' id='word_1_88' title='bbox 936 1707 974 1750; x_wconf 89' lang='lat' dir='ltr'><strong>eo</strong></span> <span class='ocrx_word' id='word_1_89' title='bbox 997 1682 1083 1769; x_wconf 84' lang='lat' dir='ltr'><strong>quoti</strong></span> <span class='ocrx_word' id='word_1_90' title='bbox 1104 1684 1198 1749; x_wconf 83' lang='lat' dir='ltr'><strong>nullis</strong></span> <span class='ocrx_word' id='word_1_91' title='bbox 1219 1681 1343 1756; x_wconf 83' lang='lat' dir='ltr'><strong>discor-</strong></span> 
     </span>
     <span class='ocr_line' id='line_1_13' title="bbox 320 1794 1343 1882; baseline -0.001 -24"><span class='ocrx_word' id='word_1_92' title='bbox 320 1794 379 1860; x_wconf 83' lang='lat' dir='ltr'><strong>diis</strong></span> <span class='ocrx_word' id='word_1_93' title='bbox 413 1798 552 1864; x_wconf 87' lang='lat' dir='ltr'><strong>imbutus</strong></span> <span class='ocrx_word' id='word_1_94' title='bbox 581 1799 665 1882; x_wconf 83' lang='lat' dir='ltr'><strong>pari¹</strong></span> <span class='ocrx_word' id='word_1_95' title='bbox 680 1801 715 1866; x_wconf 84' lang='lat' dir='ltr'><strong>iu</strong></span> <span class='ocrx_word' id='word_1_96' title='bbox 738 1820 855 1868; x_wconf 80' lang='lat' dir='ltr'><strong>¹orrtrses</strong></span> <span class='ocrx_word' id='word_1_97' title='bbox 884 1798 990 1864; x_wconf 83' lang='lat' dir='ltr'><strong>studio</strong></span> <span class='ocrx_word' id='word_1_98' title='bbox 1019 1811 1139 1881; x_wconf 74' lang='lat' dir='ltr'><strong>egeret,</strong></span> <span class='ocrx_word' id='word_1_99' title='bbox 1157 1851 1160 1857; x_wconf 93' lang='grc'><em>.</em></span> <span class='ocrx_word' id='word_1_100' title='bbox 1177 1795 1343 1874; x_wconf 81' lang='lat' dir='ltr'><strong>celebrati,</strong></span> 
     </span>
     <span class='ocr_line' id='line_1_14' title="bbox 320 1893 1398 1997; baseline 0.005 -27"><span class='ocrx_word' id='word_1_101' title='bbox 320 1909 389 1990; x_wconf 86' lang='lat' dir='ltr'><strong>coli,</strong></span> <span class='ocrx_word' id='word_1_102' title='bbox 408 1908 504 1976; x_wconf 85' lang='lat' dir='ltr'><strong>modo</strong></span> <span class='ocrx_word' id='word_1_103' title='bbox 526 1913 759 1992; x_wconf 66' lang='lat' dir='ltr'><strong>sanitatemet</strong></span> <span class='ocrx_word' id='word_1_104' title='bbox 780 1915 1020 1997; x_wconf 83' lang='lat' dir='ltr'><strong>temperantium</strong></span> <span class='ocrx_word' id='word_1_105' title='bbox 1037 1914 1121 1979; x_wconf 81' lang='lat' dir='ltr'><strong>nulli</strong></span> <span class='ocrx_word' id='word_1_106' title='bbox 1140 1913 1250 1990; x_wconf 74' lang='lat' dir='ltr'><strong>ineisa,</strong></span> <span class='ocrx_word' id='word_1_107' title='bbox 1271 1933 1343 1976; x_wconf 84' lang='lat' dir='ltr'><strong>see·</strong></span> <span class='ocrx_word' id='word_1_108' title='bbox 1393 1893 1398 1898; x_wconf 37' lang='lat'>⁸</span> 
     </span>
     <span class='ocr_line' id='line_1_15' title="bbox 318 2023 1344 2109; baseline 0.001 -20"><span class='ocrx_word' id='word_1_109' title='bbox 318 2024 390 2105; x_wconf 82' lang='lat' dir='ltr'><strong>pius</strong></span> <span class='ocrx_word' id='word_1_110' title='bbox 418 2023 637 2094; x_wconf 79' lang='lat' dir='ltr'><strong>vinolentiam·</strong></span> <span class='ocrx_word' id='word_1_111' title='bbox 654 2047 692 2090; x_wconf 84' lang='lat' dir='ltr'><strong>as</strong></span> <span class='ocrx_word' id='word_1_112' title='bbox 717 2025 864 2094; x_wconf 85' lang='lat' dir='ltr'><strong>libidines</strong></span> <span class='ocrx_word' id='word_1_113' title='bbox 891 2040 980 2109; x_wconf 81' lang='lat' dir='ltr'><strong>grato</strong></span> <span class='ocrx_word' id='word_1_114' title='bbox 1006 2027 1151 2093; x_wconf 86' lang='lat' dir='ltr'><strong>barbaris</strong></span> <span class='ocrx_word' id='word_1_115' title='bbox 1174 2046 1344 2108; x_wconf 76' lang='lat' dir='ltr'><strong>usurpans.</strong></span> 
     </span>
     <span class='ocr_line' id='line_1_16' title="bbox 320 2139 1342 2225; baseline 0.002 -21"><span class='ocrx_word' id='word_1_116' title='bbox 320 2144 445 2225; x_wconf 87' lang='lat' dir='ltr'><strong>jamque</strong></span> <span class='ocrx_word' id='word_1_117' title='bbox 466 2139 552 2224; x_wconf 85' lang='lat' dir='ltr'><strong>apud</strong></span> <span class='ocrx_word' id='word_1_118' title='bbox 576 2141 758 2225; x_wconf 79' lang='lat' dir='ltr'><strong>prostitues,</strong></span> <span class='ocrx_word' id='word_1_119' title='bbox 776 2146 850 2221; x_wconf 59' lang='lat' dir='ltr'><strong>iam</strong></span> <span class='ocrx_word' id='word_1_120' title='bbox 875 2142 1000 2225; x_wconf 74' lang='lat' dir='ltr'><strong>longius</strong></span> <span class='ocrx_word' id='word_1_121' title='bbox 1018 2144 1211 2220; x_wconf 78' lang='lat' dir='ltr'><strong>‚clarescere,</strong></span> <span class='ocrx_word' id='word_1_122' title='bbox 1240 2162 1342 2225; x_wconf 86' lang='lat' dir='ltr'><strong>quum</strong></span> 
     </span>
     <span class='ocr_line' id='line_1_17' title="bbox 320 2254 1343 2341; baseline 0.003 -26"><span class='ocrx_word' id='word_1_123' title='bbox 320 2259 491 2336; x_wconf 76' lang='lat' dir='ltr'><strong>potentiam</strong></span> <span class='ocrx_word' id='word_1_124' title='bbox 520 2261 585 2334; x_wconf 72' lang='lat' dir='ltr'><strong>eius</strong></span> <span class='ocrx_word' id='word_1_125' title='bbox 615 2268 826 2340; x_wconf 81' lang='lat' dir='ltr'><strong>suspectantes</strong></span> <span class='ocrx_word' id='word_1_126' title='bbox 862 2256 919 2341; x_wconf 88' lang='lat' dir='ltr'><strong>qui</strong></span> <span class='ocrx_word' id='word_1_127' title='bbox 949 2255 1136 2326; x_wconf 78' lang='lat' dir='ltr'><strong>faotionibus</strong></span> <span class='ocrx_word' id='word_1_128' title='bbox 1166 2254 1343 2325; x_wconf 77' lang='lat' dir='ltr'><strong>floruerant</strong></span> 
     </span>
     <span class='ocr_line' id='line_1_18' title="bbox 320 2367 1343 2455; baseline -0.003 -19"><span class='ocrx_word' id='word_1_129' title='bbox 320 2367 483 2436; x_wconf 82' lang='lat' dir='ltr'><strong>discedunt</strong></span> <span class='ocrx_word' id='word_1_130' title='bbox 502 2369 542 2434; x_wconf 80' lang='lat' dir='ltr'><strong>a&#39;d</strong></span> <span class='ocrx_word' id='word_1_131' title='bbox 565 2373 775 2435; x_wconf 81' lang='lat' dir='ltr'><strong>conterminos</strong></span> <span class='ocrx_word' id='word_1_132' title='bbox 794 2373 942 2455; x_wconf 88' lang='lat' dir='ltr'><strong>populos,</strong></span> <span class='ocrx_word' id='word_1_133' title='bbox 961 2393 998 2435; x_wconf 85' lang='lat' dir='ltr'><strong>se</strong></span> <span class='ocrx_word' id='word_1_134' title='bbox 1019 2369 1224 2435; x_wconf 78' lang='lat' dir='ltr'><strong>testificantur</strong></span> <span class='ocrx_word' id='word_1_135' title='bbox 1245 2370 1343 2437; x_wconf 71' lang='lat' dir='ltr'><strong>adimi</strong></span> 
     </span>
     <span class='ocr_line' id='line_1_19' title="bbox 319 2484 1342 2569; baseline 0.004 -19"><span class='ocrx_word' id='word_1_136' title='bbox 319 2497 457 2550; x_wconf 85' lang='lat' dir='ltr'><strong>veterem</strong></span> <span class='ocrx_word' id='word_1_137' title='bbox 485 2484 672 2549; x_wconf 81' lang='lat' dir='ltr'><strong>Germaniae</strong></span> <span class='ocrx_word' id='word_1_138' title='bbox 700 2485 877 2549; x_wconf 70' lang='lat' dir='ltr'><strong>libertatem</strong></span> <span class='ocrx_word' id='word_1_139' title='bbox 904 2498 936 2551; x_wconf 88' lang='lat' dir='ltr'><strong>et</strong></span> <span class='ocrx_word' id='word_1_140' title='bbox 962 2506 1108 2555; x_wconf 82' lang='lat' dir='ltr'><strong>romanas</strong></span> <span class='ocrx_word' id='word_1_141' title='bbox 1135 2505 1212 2569; x_wconf 88' lang='lat' dir='ltr'><strong>opes</strong></span> <span class='ocrx_word' id='word_1_142' title='bbox 1233 2485 1342 2554; x_wconf 76' lang='lat' dir='ltr'><strong>iustu·</strong></span> 
     </span>
     <span class='ocr_line' id='line_1_20' title="bbox 319 2595 1342 2686; baseline 0.006 -26"><span class='ocrx_word' id='word_1_143' title='bbox 319 2618 410 2677; x_wconf 80' lang='lat' dir='ltr'><strong>geres</strong></span> <span class='ocrx_word' id='word_1_144' title='bbox 439 2595 517 2661; x_wconf 86' lang='lat' dir='ltr'><strong>adeo</strong></span> <span class='ocrx_word' id='word_1_145' title='bbox 540 2599 697 2663; x_wconf 85' lang='lat' dir='ltr'><strong>neutinem</strong></span> <span class='ocrx_word' id='word_1_146' title='bbox 724 2599 838 2664; x_wconf 82' lang='lat' dir='ltr'><strong>iisdem</strong></span> <span class='ocrx_word' id='word_1_147' title='bbox 856 2600 892 2663; x_wconf 86' lang='lat' dir='ltr'><strong>in</strong></span> <span class='ocrx_word' id='word_1_148' title='bbox 912 2602 1004 2663; x_wconf 88' lang='lat' dir='ltr'><strong>terris</strong></span> <span class='ocrx_word' id='word_1_149' title='bbox 1029 2613 1152 2680; x_wconf 87' lang='lat' dir='ltr'><strong>ortum,</strong></span> <span class='ocrx_word' id='word_1_150' title='bbox 1174 2601 1232 2686; x_wconf 86' lang='lat' dir='ltr'><strong>qui</strong></span> <span class='ocrx_word' id='word_1_151' title='bbox 1250 2602 1342 2685; x_wconf 87' lang='lat' dir='ltr'><strong>priu-</strong></span> 
     </span>
     <span class='ocr_line' id='line_1_21' title="bbox 320 2711 1342 2797; baseline 0.008 -24"><span class='ocrx_word' id='word_1_152' title='bbox 320 2711 421 2795; x_wconf 88' lang='lat' dir='ltr'><strong>cipem</strong></span> <span class='ocrx_word' id='word_1_153' title='bbox 441 2714 545 2776; x_wconf 87' lang='lat' dir='ltr'><strong>lecum</strong></span> <span class='ocrx_word' id='word_1_154' title='bbox 567 2714 711 2795; x_wconf 87' lang='lat' dir='ltr'><strong>impleat,</strong></span> <span class='ocrx_word' id='word_1_155' title='bbox 740 2714 802 2777; x_wconf 86' lang='lat' dir='ltr'><strong>nisi</strong></span> <span class='ocrx_word' id='word_1_156' title='bbox 828 2715 1036 2796; x_wconf 80' lang='lat' dir='ltr'><strong>exploratoris</strong></span> <span class='ocrx_word' id='word_1_157' title='bbox 1058 2713 1149 2781; x_wconf 86' lang='lat' dir='ltr'><strong>Flavi</strong></span> <span class='ocrx_word' id='word_1_158' title='bbox 1173 2716 1342 2797; x_wconf 75' lang='lat' dir='ltr'><strong>progenies</strong></span> 
     </span>
     <span class='ocr_line' id='line_1_22' title="bbox 319 2822 1341 2916; baseline 0.005 -28"><span class='ocrx_word' id='word_1_159' title='bbox 319 2845 417 2908; x_wconf 86' lang='lat' dir='ltr'><strong>super</strong></span> <span class='ocrx_word' id='word_1_160' title='bbox 437 2840 564 2891; x_wconf 82' lang='lat' dir='ltr'><strong>cunctos</strong></span> <span class='ocrx_word' id='word_1_161' title='bbox 586 2822 769 2891; x_wconf 75' lang='lat' dir='ltr'><strong>attollatur?</strong></span> <span class='ocrx_word' id='word_1_162' title='bbox 811 2827 929 2891; x_wconf 77' lang='lat' dir='ltr'><strong>frustra</strong></span> <span class='ocrx_word' id='word_1_163' title='bbox 948 2827 1127 2916; x_wconf 79' lang='lat' dir='ltr'><strong>Armiuium</strong></span> <span class='ocrx_word' id='word_1_164' title='bbox 1146 2829 1341 2910; x_wconf 81' lang='lat' dir='ltr'><strong>praescribis</strong></span> 
     </span>
     <span class='ocr_line' id='line_1_23' title="bbox 320 2938 1340 3022; baseline 0.008 -23"><span class='ocrx_word' id='word_1_165' title='bbox 320 2942 408 3016; x_wconf 86' lang='lat' dir='ltr'><strong>cujus</strong></span> <span class='ocrx_word' id='word_1_166' title='bbox 437 2940 464 3003; x_wconf 91' lang='lat' dir='ltr'><strong>si</strong></span> <span class='ocrx_word' id='word_1_167' title='bbox 490 2939 573 3003; x_wconf 84' lang='lat' dir='ltr'><strong>filius</strong></span> <span class='ocrx_word' id='word_1_168' title='bbox 600 2939 706 3003; x_wconf 84' lang='lat' dir='ltr'><strong>hostili</strong></span> <span class='ocrx_word' id='word_1_169' title='bbox 732 2938 766 2999; x_wconf 88' lang='lat' dir='ltr'><strong>iu</strong></span> <span class='ocrx_word' id='word_1_170' title='bbox 789 2940 857 3003; x_wconf 88' lang='lat' dir='ltr'><strong>solo</strong></span> <span class='ocrx_word' id='word_1_171' title='bbox 880 2938 1004 3003; x_wconf 80' lang='lat' dir='ltr'><strong>edulbrs</strong></span> <span class='ocrx_word' id='word_1_172' title='bbox 1025 2941 1061 3001; x_wconf 83' lang='lat' dir='ltr'><strong>in</strong></span> <span class='ocrx_word' id='word_1_173' title='bbox 1081 2961 1213 3022; x_wconf 78' lang='lat' dir='ltr'><strong>reguum</strong></span> <span class='ocrx_word' id='word_1_174' title='bbox 1232 2941 1340 3007; x_wconf 79' lang='lat' dir='ltr'><strong>venis-</strong></span> 
     </span>
     <span class='ocr_line' id='line_1_24' title="bbox 319 3052 1338 3137; baseline 0.004 -22"><span class='ocrx_word' id='word_1_175' title='bbox 319 3066 381 3132; x_wconf 91' lang='lat' dir='ltr'><strong>set,</strong></span> <span class='ocrx_word' id='word_1_176' title='bbox 407 3072 504 3137; x_wconf 85' lang='lat' dir='ltr'><strong>posse.</strong></span> <span class='ocrx_word' id='word_1_177' title='bbox 521 3052 683 3119; x_wconf 84' lang='lat' dir='ltr'><strong>extimesoi</strong></span> <span class='ocrx_word' id='word_1_178' title='bbox 701 3053 852 3120; x_wconf 82' lang='lat' dir='ltr'><strong>iniectum</strong></span> <span class='ocrx_word' id='word_1_179' title='bbox 874 3054 1042 3136; x_wconf 79' lang='lat' dir='ltr'><strong>alimonio,</strong></span> <span class='ocrx_word' id='word_1_180' title='bbox 1070 3056 1213 3134; x_wconf 82' lang='lat' dir='ltr'><strong>servitio,</strong></span> <span class='ocrx_word' id='word_1_181' title='bbox 1239 3056 1338 3135; x_wconf 80' lang='lat' dir='ltr'><strong>cultu,</strong></span> 
     </span>
     <span class='ocr_line' id='line_1_25' title="bbox 319 3166 1340 3253; baseline 0.008 -23"><span class='ocrx_word' id='word_1_182' title='bbox 319 3166 465 3233; x_wconf 82' lang='lat' dir='ltr'><strong>omnibus</strong></span> <span class='ocrx_word' id='word_1_183' title='bbox 486 3169 632 3235; x_wconf 78' lang='lat' dir='ltr'><strong>externis.</strong></span> <span class='ocrx_word' id='word_1_184' title='bbox 673 3180 706 3233; x_wconf 84' lang='lat' dir='ltr'><strong>et</strong></span> <span class='ocrx_word' id='word_1_185' title='bbox 726 3169 754 3233; x_wconf 84' lang='lat' dir='ltr'><strong>si</strong></span> <span class='ocrx_word' id='word_1_186' title='bbox 775 3182 908 3253; x_wconf 84' lang='lat' dir='ltr'><strong>paterna</strong></span> <span class='ocrx_word' id='word_1_187' title='bbox 927 3170 1035 3236; x_wconf 77' lang='lat' dir='ltr'><strong>Italico</strong></span> <span class='ocrx_word' id='word_1_188' title='bbox 1051 3191 1141 3236; x_wconf 81' lang='lat' dir='ltr'><strong>mene</strong></span> <span class='ocrx_word' id='word_1_189' title='bbox 1161 3182 1250 3251; x_wconf 82' lang='lat' dir='ltr'><strong>esset,</strong></span> <span class='ocrx_word' id='word_1_190' title='bbox 1270 3192 1340 3238; x_wconf 86' lang='lat' dir='ltr'><strong>nou</strong></span> 
     </span>
     <span class='ocr_line' id='line_1_26' title="bbox 318 3282 1339 3366; baseline 0.002 -21"><span class='ocrx_word' id='word_1_191' title='bbox 318 3282 414 3347; x_wconf 87' lang='lat' dir='ltr'><strong>alium</strong></span> <span class='ocrx_word' id='word_1_192' title='bbox 441 3283 596 3349; x_wconf 76' lang='lat' dir='ltr'><strong>infensius</strong></span> <span class='ocrx_word' id='word_1_193' title='bbox 624 3304 712 3349; x_wconf 83' lang='lat' dir='ltr'><strong>erma</strong></span> <span class='ocrx_word' id='word_1_194' title='bbox 738 3297 848 3351; x_wconf 71' lang='lat' dir='ltr'><strong>senua</strong></span> <span class='ocrx_word' id='word_1_195' title='bbox 877 3283 1011 3366; x_wconf 85' lang='lat' dir='ltr'><strong>patriam</strong></span> <span class='ocrx_word' id='word_1_196' title='bbox 1040 3304 1075 3348; x_wconf 86' lang='lat' dir='ltr'><strong>ae</strong></span> <span class='ocrx_word' id='word_1_197' title='bbox 1105 3282 1180 3350; x_wconf 85' lang='lat' dir='ltr'><strong>deos</strong></span> <span class='ocrx_word' id='word_1_198' title='bbox 1205 3297 1339 3364; x_wconf 81' lang='lat' dir='ltr'><strong>penates</strong></span> 
     </span>
     <span class='ocr_line' id='line_1_27' title="bbox 318 3396 1349 3489; baseline 0.002 -30"><span class='ocrx_word' id='word_1_199' title='bbox 318 3416 414 3481; x_wconf 85' lang='lat' dir='ltr'><strong>quam</strong></span> <span class='ocrx_word' id='word_1_200' title='bbox 434 3410 598 3479; x_wconf 78' lang='lat' dir='ltr'><strong>parentem</strong></span> <span class='ocrx_word' id='word_1_201' title='bbox 620 3402 686 3477; x_wconf 77' lang='lat' dir='ltr'><strong>eJus</strong></span> <span class='ocrx_word' id='word_1_202' title='bbox 707 3396 894 3463; x_wconf 84' lang='lat' dir='ltr'><strong>exercuisse.</strong></span> <span class='ocrx_word' id='word_1_203' title='bbox 984 3446 988 3453; x_wconf 86' lang='lat'><strong>.</strong></span> <span class='ocrx_word' id='word_1_204' title='bbox 1102 3482 1105 3489; x_wconf 27' lang='grc' dir='ltr'>Ι</span> <span class='ocrx_word' id='word_1_205' title='bbox 1143 3462 1149 3469; x_wconf 75' lang='grc'><em>,</em></span> <span class='ocrx_word' id='word_1_206' title='bbox 1344 3458 1349 3467; x_wconf 85' lang='grc'><strong><em>,</em></strong></span> 
     </span>
     <span class='ocr_line' id='line_1_28' title="bbox 179 3502 1340 3613; baseline 0.002 -36"><span class='ocrx_word' id='word_1_207' title='bbox 179 3502 182 3509; x_wconf 70' lang='grc'><strong>’</strong></span> <span class='ocrx_word' id='word_1_208' title='bbox 218 3547 302 3613; x_wconf 61' lang='lat' dir='ltr'><strong>,W</strong></span> <span class='ocrx_word' id='word_1_209' title='bbox 402 3511 461 3577; x_wconf 89' lang='lat' dir='ltr'><strong>His</strong></span> <span class='ocrx_word' id='word_1_210' title='bbox 479 3514 707 3597; x_wconf 77' lang='lat' dir='ltr'><strong>etquetslibus</strong></span> <span class='ocrx_word' id='word_1_211' title='bbox 722 3534 850 3596; x_wconf 78' lang='lat' dir='ltr'><strong>magnas</strong></span> <span class='ocrx_word' id='word_1_212' title='bbox 868 3513 975 3599; x_wconf 83' lang='lat' dir='ltr'><strong>copias</strong></span> <span class='ocrx_word' id='word_1_213' title='bbox 992 3535 1140 3599; x_wconf 58' lang='lat' dir='ltr'><strong>coegere„</strong></span> <span class='ocrx_word' id='word_1_214' title='bbox 1172 3513 1245 3586; x_wconf 66' lang='lat' dir='ltr'><strong>Nee⁸</strong></span> <span class='ocrx_word' id='word_1_215' title='bbox 1255 3536 1340 3598; x_wconf 79' lang='lat' dir='ltr'><strong>peu·</strong></span> 
     </span>
     <span class='ocr_line' id='line_1_29' title="bbox 319 3625 1339 3715; baseline 0 -24"><span class='ocrx_word' id='word_1_216' title='bbox 319 3625 419 3693; x_wconf 85' lang='lat' dir='ltr'><strong>eieres</strong></span> <span class='ocrx_word' id='word_1_217' title='bbox 440 3625 581 3693; x_wconf 78' lang='lat' dir='ltr'><strong>Italicum</strong></span> <span class='ocrx_word' id='word_1_218' title='bbox 601 3629 826 3715; x_wconf 78' lang='lat' dir='ltr'><strong>sequebantur.</strong></span> <span class='ocrx_word' id='word_1_219' title='bbox 867 3650 935 3695; x_wconf 86' lang='lat' dir='ltr'><strong>nou</strong></span> <span class='ocrx_word' id='word_1_220' title='bbox 955 3630 1038 3696; x_wconf 84' lang='lat' dir='ltr'><strong>euim</strong></span> <span class='ocrx_word' id='word_1_221' title='bbox 1057 3630 1208 3713; x_wconf 83' lang='lat' dir='ltr'><strong>irrupisse</strong></span> <span class='ocrx_word' id='word_1_222' title='bbox 1230 3627 1269 3693; x_wconf 85' lang='lat' dir='ltr'><strong>ad</strong></span> <span class='ocrx_word' id='word_1_223' title='bbox 1284 3628 1339 3691; x_wconf 84' lang='lat' dir='ltr'><strong>in·</strong></span> 
     </span>
     <span class='ocr_line' id='line_1_30' title="bbox 320 3741 1340 3833; baseline 0 -26"><span class='ocrx_word' id='word_1_224' title='bbox 320 3742 402 3809; x_wconf 77' lang='lat' dir='ltr'><strong>sitos</strong></span> <span class='ocrx_word' id='word_1_225' title='bbox 424 3741 479 3811; x_wconf 82' lang='lat' dir='ltr'><strong>sod</strong></span> <span class='ocrx_word' id='word_1_226' title='bbox 502 3744 633 3819; x_wconf 74' lang='lat' dir='ltr'><strong>ascitum</strong></span> <span class='ocrx_word' id='word_1_227' title='bbox 652 3750 881 3815; x_wconf 83' lang='lat' dir='ltr'><strong>memorabant.</strong></span> <span class='ocrx_word' id='word_1_228' title='bbox 921 3747 1048 3833; x_wconf 83' lang='lat' dir='ltr'><strong>quaudo</strong></span> <span class='ocrx_word' id='word_1_229' title='bbox 1068 3747 1231 3813; x_wconf 82' lang='lat' dir='ltr'><strong>nobilitate</strong></span> <span class='ocrx_word' id='word_1_230' title='bbox 1253 3755 1340 3815; x_wconf 85' lang='lat' dir='ltr'><strong>eete-</strong></span> 
     </span>
     <span class='ocr_line' id='line_1_31' title="bbox 318 3860 1339 3949; baseline 0.006 -30"><span class='ocrx_word' id='word_1_231' title='bbox 318 3877 372 3919; x_wconf 79' lang='lat' dir='ltr'><strong>ros</strong></span> <span class='ocrx_word' id='word_1_232' title='bbox 390 3860 541 3939; x_wconf 72' lang='lat' dir='ltr'><strong>anteiret,</strong></span> <span class='ocrx_word' id='word_1_233' title='bbox 552 3860 944 3949; x_wconf 76' lang='lat' dir='ltr'><strong>virtutemexperirentur,</strong></span> <span class='ocrx_word' id='word_1_234' title='bbox 965 3886 1005 3925; x_wconf 86' lang='lat' dir='ltr'><strong>an</strong></span> <span class='ocrx_word' id='word_1_235' title='bbox 1027 3860 1156 3942; x_wconf 66' lang='lat' dir='ltr'><strong>dignm</strong></span> <span class='ocrx_word' id='word_1_236' title='bbox 1169 3880 1202 3927; x_wconf 86' lang='lat' dir='ltr'><strong>se</strong></span> <span class='ocrx_word' id='word_1_237' title='bbox 1220 3871 1339 3943; x_wconf 71' lang='lat' dir='ltr'><strong>patruo</strong></span> 
     </span>
     <span class='ocr_line' id='line_1_32' title="bbox 320 3970 1337 4062; baseline 0.003 -28"><span class='ocrx_word' id='word_1_238' title='bbox 320 3970 482 4055; x_wconf 80' lang='lat' dir='ltr'><strong>Astuiaio,</strong></span> <span class='ocrx_word' id='word_1_239' title='bbox 506 3996 565 4043; x_wconf 81' lang='lat' dir='ltr'><strong>evo</strong></span> <span class='ocrx_word' id='word_1_240' title='bbox 587 3976 757 4047; x_wconf 84' lang='lat' dir='ltr'><strong>Actumero</strong></span> <span class='ocrx_word' id='word_1_241' title='bbox 778 3979 953 4062; x_wconf 79' lang='lat' dir='ltr'><strong>praeberet.</strong></span> <span class='ocrx_word' id='word_1_242' title='bbox 993 3996 1051 4037; x_wconf 87' lang='lat' dir='ltr'><strong>uec</strong></span> <span class='ocrx_word' id='word_1_243' title='bbox 1071 3987 1192 4057; x_wconf 83' lang='lat' dir='ltr'><strong>petrem</strong></span> <span class='ocrx_word' id='word_1_244' title='bbox 1212 3973 1337 4055; x_wconf 85' lang='lat' dir='ltr'><strong>rubori,</strong></span> 
     </span>
     <span class='ocr_line' id='line_1_33' title="bbox 317 4084 1340 4173; baseline 0.003 -23"><span class='ocrx_word' id='word_1_245' title='bbox 317 4084 402 4173; x_wconf 85' lang='lat' dir='ltr'><strong>quod</strong></span> <span class='ocrx_word' id='word_1_246' title='bbox 441 4088 535 4155; x_wconf 84' lang='lat' dir='ltr'><strong>fidem</strong></span> <span class='ocrx_word' id='word_1_247' title='bbox 573 4091 722 4161; x_wconf 82' lang='lat' dir='ltr'><strong>advorsus</strong></span> <span class='ocrx_word' id='word_1_248' title='bbox 755 4094 914 4161; x_wconf 79' lang='lat' dir='ltr'><strong>Romanos</strong></span> <span class='ocrx_word' id='word_1_249' title='bbox 949 4092 1126 4159; x_wconf 80' lang='lat' dir='ltr'><strong>volentibus</strong></span> <span class='ocrx_word' id='word_1_250' title='bbox 1169 4091 1340 4155; x_wconf 83' lang='lat' dir='ltr'><strong>Germanis</strong></span> 
     </span>
    </p>
   </div>
   <div class='ocr_carea' id='block_1_3' title="bbox 0 0 1484 4875">
    <p class='ocr_par' dir='ltr' id='par_1_3' title="bbox 0 0 1484 4875">
     <span class='ocr_line' id='line_1_34' title="bbox 0 0 1484 4875; baseline 0 0"><span class='ocrx_word' id='word_1_251' title='bbox 0 0 1484 4875; x_wconf 95' lang='lat' dir='ltr'><strong> </strong></span> 
     </span>
    </p>
   </div>
  </div>
 </body>
</html>
