<?xml version="1.0" encoding="UTF-8"?>
<!DOCTYPE html PUBLIC "-//W3C//DTD XHTML 1.0 Transitional//EN"
    "http://www.w3.org/TR/xhtml1/DTD/xhtml1-transitional.dtd">
<html xmlns="http://www.w3.org/1999/xhtml" xml:lang="en" lang="en">
 <head>
  <title>
</title>
<meta http-equiv="Content-Type" content="text/html;charset=utf-8" />
  <meta name='ocr-system' content='tesseract 3.04.00' />
  <meta name='ocr-capabilities' content='ocr_page ocr_carea ocr_par ocr_line ocrx_word'/>
</head>
<body>
  <div class='ocr_page' id='page_1' title='image "./tacitigermania00grimgoog_0032.png"; bbox 0 0 2959 4875; ppageno 0'>
   <div class='ocr_carea' id='block_1_1' title="bbox 339 430 969 502">
    <p class='ocr_par' dir='ltr' id='par_1_1' title="bbox 339 430 969 502">
     <span class='ocr_line' id='line_1_1' title="bbox 339 430 969 502; baseline -0.005 0"><span class='ocrx_word' id='word_1_1' title='bbox 339 436 382 502; x_wconf 63' lang='grc' dir='ltr'><strong>Ἠ</strong></span> <span class='ocrx_word' id='word_1_2' title='bbox 736 430 969 500; x_wconf 74' lang='lat' dir='ltr'><strong>GERMANlA</strong></span> 
     </span>
    </p>
   </div>
   <div class='ocr_carea' id='block_1_2' title="bbox 290 600 1366 3428">
    <p class='ocr_par' dir='ltr' id='par_1_2' title="bbox 339 600 1366 782">
     <span class='ocr_line' id='line_1_2' title="bbox 339 600 1366 682; baseline -0.001 -13"><span class='ocrx_word' id='word_1_3' title='bbox 339 605 459 682; x_wconf 89' lang='lat' dir='ltr'><strong>oritur,</strong></span> <span class='ocrx_word' id='word_1_4' title='bbox 488 600 606 664; x_wconf 86' lang='lat' dir='ltr'><strong>flumen</strong></span> <span class='ocrx_word' id='word_1_5' title='bbox 635 603 776 666; x_wconf 88' lang='lat' dir='ltr'><strong>inclitum</strong></span> <span class='ocrx_word' id='word_1_6' title='bbox 805 615 837 664; x_wconf 90' lang='lat' dir='ltr'><strong>et</strong></span> <span class='ocrx_word' id='word_1_7' title='bbox 864 615 973 666; x_wconf 90' lang='lat' dir='ltr'><strong>notum</strong></span> <span class='ocrx_word' id='word_1_8' title='bbox 1004 603 1097 664; x_wconf 85' lang='lat' dir='ltr'><strong>olim:</strong></span> <span class='ocrx_word' id='word_1_9' title='bbox 1128 624 1215 666; x_wconf 91' lang='lat' dir='ltr'><strong>nunc</strong></span> <span class='ocrx_word' id='word_1_10' title='bbox 1236 615 1366 668; x_wconf 89' lang='lat' dir='ltr'><strong>tantum</strong></span> 
     </span>
     <span class='ocr_line' id='line_1_3' title="bbox 340 716 476 782; baseline -0.007 -1"><span class='ocrx_word' id='word_1_11' title='bbox 340 716 476 782; x_wconf 77' lang='lat' dir='ltr'><strong>auditur.</strong></span> 
     </span>
    </p>

    <p class='ocr_par' dir='ltr' id='par_1_3' title="bbox 290 828 1365 1944">
     <span class='ocr_line' id='line_1_4' title="bbox 290 828 1365 896; baseline -0.006 0"><span class='ocrx_word' id='word_1_12' title='bbox 290 843 327 896; x_wconf 75' lang='lat'><strong>4²</strong></span> <span class='ocrx_word' id='word_1_13' title='bbox 424 833 518 896; x_wconf 86' lang='lat' dir='ltr'><strong>Juxta</strong></span> <span class='ocrx_word' id='word_1_14' title='bbox 545 829 788 896; x_wconf 74' lang='lat' dir='ltr'><strong>Hermunduros</strong></span> <span class='ocrx_word' id='word_1_15' title='bbox 807 828 931 894; x_wconf 87' lang='lat' dir='ltr'><strong>Narisei</strong></span> <span class='ocrx_word' id='word_1_16' title='bbox 961 852 997 892; x_wconf 92' lang='lat' dir='ltr'><strong>ac</strong></span> <span class='ocrx_word' id='word_1_17' title='bbox 1024 828 1137 892; x_wconf 85' lang='lat' dir='ltr'><strong>deinde</strong></span> <span class='ocrx_word' id='word_1_18' title='bbox 1161 829 1365 894; x_wconf 89' lang='lat' dir='ltr'><strong>Marcomani</strong></span> 
     </span>
     <span class='ocr_line' id='line_1_5' title="bbox 341 944 1364 1028; baseline -0.006 -16"><span class='ocrx_word' id='word_1_19' title='bbox 341 959 373 1012; x_wconf 89' lang='lat' dir='ltr'><strong>et</strong></span> <span class='ocrx_word' id='word_1_20' title='bbox 400 944 506 1024; x_wconf 91' lang='lat' dir='ltr'><strong>Quadi</strong></span> <span class='ocrx_word' id='word_1_21' title='bbox 533 958 639 1027; x_wconf 83' lang='lat' dir='ltr'><strong>egum.</strong></span> <span class='ocrx_word' id='word_1_22' title='bbox 680 946 850 1028; x_wconf 80' lang='lat' dir='ltr'><strong>praecipua</strong></span> <span class='ocrx_word' id='word_1_23' title='bbox 877 945 1156 1008; x_wconf 80' lang='lat' dir='ltr'><strong>Marcomanorum</strong></span> <span class='ocrx_word' id='word_1_24' title='bbox 1183 945 1284 1024; x_wconf 86' lang='lat' dir='ltr'><strong>gloria</strong></span> <span class='ocrx_word' id='word_1_25' title='bbox 1311 946 1364 1010; x_wconf 81' lang='lat' dir='ltr'><strong>si·</strong></span> 
     </span>
     <span class='ocr_line' id='line_1_6' title="bbox 340 1056 1363 1145; baseline -0.004 -21"><span class='ocrx_word' id='word_1_26' title='bbox 340 1081 471 1145; x_wconf 87' lang='lat' dir='ltr'><strong>resque,</strong></span> <span class='ocrx_word' id='word_1_27' title='bbox 493 1072 588 1144; x_wconf 91' lang='lat' dir='ltr'><strong>atque</strong></span> <span class='ocrx_word' id='word_1_28' title='bbox 608 1059 677 1141; x_wconf 89' lang='lat' dir='ltr'><strong>ipsa</strong></span> <span class='ocrx_word' id='word_1_29' title='bbox 699 1061 793 1122; x_wconf 90' lang='lat' dir='ltr'><strong>etiam</strong></span> <span class='ocrx_word' id='word_1_30' title='bbox 813 1056 919 1138; x_wconf 88' lang='lat' dir='ltr'><strong>sedes,</strong></span> <span class='ocrx_word' id='word_1_31' title='bbox 947 1058 1046 1140; x_wconf 88' lang='lat' dir='ltr'><strong>pulsis</strong></span> <span class='ocrx_word' id='word_1_32' title='bbox 1066 1059 1142 1119; x_wconf 92' lang='lat' dir='ltr'><strong>olim</strong></span> <span class='ocrx_word' id='word_1_33' title='bbox 1162 1057 1268 1136; x_wconf 84' lang='lat' dir='ltr'><strong>Boiis,</strong></span> <span class='ocrx_word' id='word_1_34' title='bbox 1294 1058 1363 1123; x_wconf 81' lang='lat' dir='ltr'><strong>vir·</strong></span> 
     </span>
     <span class='ocr_line' id='line_1_7' title="bbox 340 1169 1361 1256; baseline 0 -22"><span class='ocrx_word' id='word_1_35' title='bbox 340 1185 406 1236; x_wconf 86' lang='lat' dir='ltr'><strong>tuta</strong></span> <span class='ocrx_word' id='word_1_36' title='bbox 436 1185 536 1254; x_wconf 87' lang='lat' dir='ltr'><strong>parta.</strong></span> <span class='ocrx_word' id='word_1_37' title='bbox 579 1193 637 1236; x_wconf 89' lang='lat' dir='ltr'><strong>nec</strong></span> <span class='ocrx_word' id='word_1_38' title='bbox 668 1171 793 1236; x_wconf 88' lang='lat' dir='ltr'><strong>Narisci</strong></span> <span class='ocrx_word' id='word_1_39' title='bbox 826 1169 968 1248; x_wconf 82' lang='lat' dir='ltr'><strong>Quadive</strong></span> <span class='ocrx_word' id='word_1_40' title='bbox 1000 1172 1198 1252; x_wconf 89' lang='lat' dir='ltr'><strong>degenerant.</strong></span> <span class='ocrx_word' id='word_1_41' title='bbox 1249 1171 1361 1256; x_wconf 89' lang='lat' dir='ltr'><strong>anue</strong></span> 
     </span>
     <span class='ocr_line' id='line_1_8' title="bbox 341 1287 1363 1373; baseline 0.003 -23"><span class='ocrx_word' id='word_1_42' title='bbox 341 1287 527 1352; x_wconf 81' lang='lat' dir='ltr'><strong>Germaniae</strong></span> <span class='ocrx_word' id='word_1_43' title='bbox 548 1291 635 1354; x_wconf 82' lang='lat' dir='ltr'><strong>velut</strong></span> <span class='ocrx_word' id='word_1_44' title='bbox 654 1290 744 1353; x_wconf 83' lang='lat' dir='ltr'><strong>frons</strong></span> <span class='ocrx_word' id='word_1_45' title='bbox 765 1301 821 1369; x_wconf 86' lang='lat' dir='ltr'><strong>est,</strong></span> <span class='ocrx_word' id='word_1_46' title='bbox 842 1301 997 1373; x_wconf 89' lang='lat' dir='ltr'><strong>quatenus</strong></span> <span class='ocrx_word' id='word_1_47' title='bbox 1018 1290 1168 1352; x_wconf 85' lang='lat' dir='ltr'><strong>Danubio</strong></span> <span class='ocrx_word' id='word_1_48' title='bbox 1190 1289 1363 1370; x_wconf 82' lang='lat' dir='ltr'><strong>peragitur.</strong></span> 
     </span>
     <span class='ocr_line' id='line_1_9' title="bbox 340 1400 1362 1487; baseline 0.004 -23"><span class='ocrx_word' id='word_1_49' title='bbox 340 1402 550 1466; x_wconf 89' lang='lat' dir='ltr'><strong>Marcomanis</strong></span> <span class='ocrx_word' id='word_1_50' title='bbox 581 1400 762 1487; x_wconf 81' lang='lat' dir='ltr'><strong>Quadisque</strong></span> <span class='ocrx_word' id='word_1_51' title='bbox 795 1424 896 1487; x_wconf 92' lang='lat' dir='ltr'><strong>usque</strong></span> <span class='ocrx_word' id='word_1_52' title='bbox 931 1403 969 1466; x_wconf 89' lang='lat' dir='ltr'><strong>ad</strong></span> <span class='ocrx_word' id='word_1_53' title='bbox 1002 1416 1141 1465; x_wconf 90' lang='lat' dir='ltr'><strong>nostram</strong></span> <span class='ocrx_word' id='word_1_54' title='bbox 1176 1406 1362 1468; x_wconf 86' lang='lat' dir='ltr'><strong>memoriam</strong></span> 
     </span>
     <span class='ocr_line' id='line_1_10' title="bbox 340 1516 1363 1598; baseline 0.002 -20"><span class='ocrx_word' id='word_1_55' title='bbox 340 1535 428 1597; x_wconf 88' lang='lat' dir='ltr'><strong>reges</strong></span> <span class='ocrx_word' id='word_1_56' title='bbox 457 1530 638 1580; x_wconf 88' lang='lat' dir='ltr'><strong>manserunt</strong></span> <span class='ocrx_word' id='word_1_57' title='bbox 668 1538 708 1580; x_wconf 87' lang='lat' dir='ltr'><strong>cx</strong></span> <span class='ocrx_word' id='word_1_58' title='bbox 735 1527 826 1597; x_wconf 88' lang='lat' dir='ltr'><strong>gente</strong></span> <span class='ocrx_word' id='word_1_59' title='bbox 849 1517 1007 1598; x_wconf 89' lang='lat' dir='ltr'><strong>ipsorum,</strong></span> <span class='ocrx_word' id='word_1_60' title='bbox 1038 1517 1144 1579; x_wconf 90' lang='lat' dir='ltr'><strong>nobile</strong></span> <span class='ocrx_word' id='word_1_61' title='bbox 1166 1516 1363 1581; x_wconf 88' lang='lat' dir='ltr'><strong>Marobodui</strong></span> 
     </span>
     <span class='ocr_line' id='line_1_11' title="bbox 342 1630 1363 1715; baseline -0.002 -19"><span class='ocrx_word' id='word_1_62' title='bbox 342 1643 373 1696; x_wconf 86' lang='lat' dir='ltr'><strong>et</strong></span> <span class='ocrx_word' id='word_1_63' title='bbox 394 1631 495 1696; x_wconf 89' lang='lat' dir='ltr'><strong>Tudri</strong></span> <span class='ocrx_word' id='word_1_64' title='bbox 515 1653 630 1714; x_wconf 83' lang='lat' dir='ltr'><strong>genus3</strong></span> <span class='ocrx_word' id='word_1_65' title='bbox 659 1636 723 1712; x_wconf 84' lang='lat' dir='ltr'><strong>jam</strong></span> <span class='ocrx_word' id='word_1_66' title='bbox 745 1647 777 1697; x_wconf 89' lang='lat' dir='ltr'><strong>et</strong></span> <span class='ocrx_word' id='word_1_67' title='bbox 798 1646 945 1697; x_wconf 88' lang='lat' dir='ltr'><strong>externos</strong></span> <span class='ocrx_word' id='word_1_68' title='bbox 967 1634 1142 1715; x_wconf 86' lang='lat' dir='ltr'><strong>patiuntur.</strong></span> <span class='ocrx_word' id='word_1_69' title='bbox 1184 1630 1239 1694; x_wconf 92' lang='lat' dir='ltr'><strong>sed</strong></span> <span class='ocrx_word' id='word_1_70' title='bbox 1260 1631 1309 1697; x_wconf 78' lang='lat' dir='ltr'><strong>uis</strong></span> <span class='ocrx_word' id='word_1_71' title='bbox 1332 1646 1363 1695; x_wconf 89' lang='lat' dir='ltr'><strong>et</strong></span> 
     </span>
     <span class='ocr_line' id='line_1_12' title="bbox 340 1746 1362 1829; baseline -0.007 -14"><span class='ocrx_word' id='word_1_72' title='bbox 340 1748 481 1828; x_wconf 81' lang='lat' dir='ltr'><strong>petentia</strong></span> <span class='ocrx_word' id='word_1_73' title='bbox 507 1749 632 1829; x_wconf 87' lang='lat' dir='ltr'><strong>regibus</strong></span> <span class='ocrx_word' id='word_1_74' title='bbox 668 1770 709 1812; x_wconf 88' lang='lat' dir='ltr'><strong>ex</strong></span> <span class='ocrx_word' id='word_1_75' title='bbox 745 1750 926 1813; x_wconf 87' lang='lat' dir='ltr'><strong>auctoritate</strong></span> <span class='ocrx_word' id='word_1_76' title='bbox 955 1769 1095 1811; x_wconf 89' lang='lat' dir='ltr'><strong>romana.</strong></span> <span class='ocrx_word' id='word_1_77' title='bbox 1145 1746 1231 1809; x_wconf 87' lang='lat' dir='ltr'><strong>Raro</strong></span> <span class='ocrx_word' id='word_1_78' title='bbox 1265 1747 1362 1808; x_wconf 87' lang='lat' dir='ltr'><strong>armis</strong></span> 
     </span>
     <span class='ocr_line' id='line_1_13' title="bbox 343 1859 1304 1944; baseline 0 -22"><span class='ocrx_word' id='word_1_79' title='bbox 343 1859 474 1940; x_wconf 88' lang='lat' dir='ltr'><strong>uostris,</strong></span> <span class='ocrx_word' id='word_1_80' title='bbox 496 1861 620 1943; x_wconf 87' lang='lat' dir='ltr'><strong>saepius</strong></span> <span class='ocrx_word' id='word_1_81' title='bbox 642 1865 776 1944; x_wconf 88' lang='lat' dir='ltr'><strong>pecunia</strong></span> <span class='ocrx_word' id='word_1_82' title='bbox 796 1868 963 1942; x_wconf 82' lang='lat' dir='ltr'><strong>juvantur,</strong></span> <span class='ocrx_word' id='word_1_83' title='bbox 984 1883 1042 1924; x_wconf 92' lang='lat' dir='ltr'><strong>nec</strong></span> <span class='ocrx_word' id='word_1_84' title='bbox 1063 1859 1168 1922; x_wconf 89' lang='lat' dir='ltr'><strong>minus</strong></span> <span class='ocrx_word' id='word_1_85' title='bbox 1187 1862 1304 1925; x_wconf 81' lang='lat' dir='ltr'><strong>valent.</strong></span> 
     </span>
    </p>

    <p class='ocr_par' dir='ltr' id='par_1_4' title="bbox 292 1972 1363 3428">
     <span class='ocr_line' id='line_1_14' title="bbox 292 1972 1363 2056; baseline 0.001 -20"><span class='ocrx_word' id='word_1_86' title='bbox 292 1979 326 2030; x_wconf 76' lang='lat'><strong>48</strong></span> <span class='ocrx_word' id='word_1_87' title='bbox 426 1972 524 2036; x_wconf 85' lang='lat' dir='ltr'><strong>Retro</strong></span> <span class='ocrx_word' id='word_1_88' title='bbox 542 1974 708 2056; x_wconf 77' lang='lat' dir='ltr'><strong>Marsigni,</strong></span> <span class='ocrx_word' id='word_1_89' title='bbox 727 1976 871 2054; x_wconf 90' lang='lat' dir='ltr'><strong>Gothini,</strong></span> <span class='ocrx_word' id='word_1_90' title='bbox 891 1973 964 2055; x_wconf 91' lang='lat' dir='ltr'><strong>Osi,</strong></span> <span class='ocrx_word' id='word_1_91' title='bbox 989 1975 1069 2036; x_wconf 92' lang='lat' dir='ltr'><strong>Buri</strong></span> <span class='ocrx_word' id='word_1_92' title='bbox 1084 1989 1168 2055; x_wconf 86' lang='lat' dir='ltr'><strong>terga</strong></span> <span class='ocrx_word' id='word_1_93' title='bbox 1182 1976 1363 2038; x_wconf 89' lang='lat' dir='ltr'><strong>Marcoma-</strong></span> 
     </span>
     <span class='ocr_line' id='line_1_15' title="bbox 342 2085 1362 2174; baseline 0.002 -24"><span class='ocrx_word' id='word_1_94' title='bbox 342 2107 457 2152; x_wconf 91' lang='lat' dir='ltr'><strong>norum</strong></span> <span class='ocrx_word' id='word_1_95' title='bbox 470 2085 716 2174; x_wconf 87' lang='lat' dir='ltr'><strong>Quadorumque</strong></span> <span class='ocrx_word' id='word_1_96' title='bbox 730 2089 890 2154; x_wconf 89' lang='lat' dir='ltr'><strong>claudunt.</strong></span> <span class='ocrx_word' id='word_1_97' title='bbox 924 2090 1068 2174; x_wconf 89' lang='lat' dir='ltr'><strong>equibus</strong></span> <span class='ocrx_word' id='word_1_98' title='bbox 1079 2090 1231 2170; x_wconf 83' lang='lat' dir='ltr'><strong>Marsigni</strong></span> <span class='ocrx_word' id='word_1_99' title='bbox 1242 2102 1272 2152; x_wconf 92' lang='lat' dir='ltr'><strong>et</strong></span> <span class='ocrx_word' id='word_1_100' title='bbox 1282 2091 1362 2152; x_wconf 89' lang='lat' dir='ltr'><strong>Buri</strong></span> 
     </span>
     <span class='ocr_line' id='line_1_16' title="bbox 342 2201 1362 2286; baseline 0.004 -22"><span class='ocrx_word' id='word_1_101' title='bbox 342 2219 487 2266; x_wconf 88' lang='lat' dir='ltr'><strong>sermone</strong></span> <span class='ocrx_word' id='word_1_102' title='bbox 501 2204 649 2286; x_wconf 89' lang='lat' dir='ltr'><strong>cultuque</strong></span> <span class='ocrx_word' id='word_1_103' title='bbox 662 2203 783 2268; x_wconf 84' lang='lat' dir='ltr'><strong>Suevos</strong></span> <span class='ocrx_word' id='word_1_104' title='bbox 797 2205 949 2266; x_wconf 84' lang='lat' dir='ltr'><strong>referunt.</strong></span> <span class='ocrx_word' id='word_1_105' title='bbox 980 2203 1135 2267; x_wconf 86' lang='lat' dir='ltr'><strong>Gothinos</strong></span> <span class='ocrx_word' id='word_1_106' title='bbox 1146 2207 1264 2286; x_wconf 88' lang='lat' dir='ltr'><strong>gallica,</strong></span> <span class='ocrx_word' id='word_1_107' title='bbox 1280 2201 1362 2268; x_wconf 89' lang='lat' dir='ltr'><strong>Osos</strong></span> 
     </span>
     <span class='ocr_line' id='line_1_17' title="bbox 343 2317 1362 2403; baseline 0.005 -25"><span class='ocrx_word' id='word_1_108' title='bbox 343 2317 519 2398; x_wconf 87' lang='lat' dir='ltr'><strong>pannonica</strong></span> <span class='ocrx_word' id='word_1_109' title='bbox 538 2317 644 2398; x_wconf 91' lang='lat' dir='ltr'><strong>lingua</strong></span> <span class='ocrx_word' id='word_1_110' title='bbox 666 2321 806 2400; x_wconf 82' lang='lat' dir='ltr'><strong>coarguit</strong></span> <span class='ocrx_word' id='word_1_111' title='bbox 829 2340 896 2381; x_wconf 89' lang='lat' dir='ltr'><strong>uon</strong></span> <span class='ocrx_word' id='word_1_112' title='bbox 916 2340 982 2383; x_wconf 85' lang='lat' dir='ltr'><strong>esse</strong></span> <span class='ocrx_word' id='word_1_113' title='bbox 1007 2320 1198 2398; x_wconf 75' lang='lat' dir='ltr'><strong>Germanou,</strong></span> <span class='ocrx_word' id='word_1_114' title='bbox 1222 2333 1254 2383; x_wconf 91' lang='lat' dir='ltr'><strong>et</strong></span> <span class='ocrx_word' id='word_1_115' title='bbox 1275 2321 1362 2403; x_wconf 86' lang='lat' dir='ltr'><strong>quod</strong></span> 
     </span>
     <span class='ocr_line' id='line_1_18' title="bbox 342 2429 1363 2516; baseline 0.004 -23"><span class='ocrx_word' id='word_1_116' title='bbox 342 2429 460 2493; x_wconf 87' lang='lat' dir='ltr'><strong>tributa</strong></span> <span class='ocrx_word' id='word_1_117' title='bbox 479 2429 653 2515; x_wconf 89' lang='lat' dir='ltr'><strong>patiuntur.</strong></span> <span class='ocrx_word' id='word_1_118' title='bbox 694 2445 816 2515; x_wconf 89' lang='lat' dir='ltr'><strong>partem</strong></span> <span class='ocrx_word' id='word_1_119' title='bbox 837 2434 1027 2496; x_wconf 87' lang='lat' dir='ltr'><strong>tributorum</strong></span> <span class='ocrx_word' id='word_1_120' title='bbox 1044 2431 1219 2511; x_wconf 83' lang='lat' dir='ltr'><strong>Sarmatae,</strong></span> <span class='ocrx_word' id='word_1_121' title='bbox 1238 2447 1363 2516; x_wconf 89' lang='lat' dir='ltr'><strong>partem</strong></span> 
     </span>
     <span class='ocr_line' id='line_1_19' title="bbox 343 2540 1362 2631; baseline 0.005 -25"><span class='ocrx_word' id='word_1_122' title='bbox 343 2540 447 2621; x_wconf 92' lang='lat' dir='ltr'><strong>Quadi</strong></span> <span class='ocrx_word' id='word_1_123' title='bbox 466 2556 501 2609; x_wconf 90' lang='lat' dir='ltr'><strong>ut</strong></span> <span class='ocrx_word' id='word_1_124' title='bbox 521 2546 702 2627; x_wconf 80' lang='lat' dir='ltr'><strong>alienigenis</strong></span> <span class='ocrx_word' id='word_1_125' title='bbox 720 2547 896 2629; x_wconf 90' lang='lat' dir='ltr'><strong>imponunt.</strong></span> <span class='ocrx_word' id='word_1_126' title='bbox 937 2547 1083 2624; x_wconf 88' lang='lat' dir='ltr'><strong>Gothini,</strong></span> <span class='ocrx_word' id='word_1_127' title='bbox 1105 2569 1169 2630; x_wconf 90' lang='lat' dir='ltr'><strong>quo</strong></span> <span class='ocrx_word' id='word_1_128' title='bbox 1187 2552 1285 2629; x_wconf 90' lang='lat' dir='ltr'><strong>magis</strong></span> <span class='ocrx_word' id='word_1_129' title='bbox 1300 2572 1362 2631; x_wconf 90' lang='lat' dir='ltr'><strong>pu-</strong></span> 
     </span>
     <span class='ocr_line' id='line_1_20' title="bbox 343 2654 1361 2746; baseline 0.006 -23"><span class='ocrx_word' id='word_1_130' title='bbox 343 2654 414 2725; x_wconf 87' lang='lat' dir='ltr'><strong>deat</strong></span> <span class='ocrx_word' id='word_1_131' title='bbox 440 2675 470 2724; x_wconf 89' lang='lat' dir='ltr'><strong>at</strong></span> <span class='ocrx_word' id='word_1_132' title='bbox 494 2662 614 2727; x_wconf 83' lang='lat' dir='ltr'><strong>serrum</strong></span> <span class='ocrx_word' id='word_1_133' title='bbox 645 2661 810 2728; x_wconf 83' lang='lat' dir='ltr'><strong>effodiunt.</strong></span> <span class='ocrx_word' id='word_1_134' title='bbox 860 2661 1037 2746; x_wconf 82' lang='lat' dir='ltr'><strong>Omnesque</strong></span> <span class='ocrx_word' id='word_1_135' title='bbox 1065 2665 1100 2725; x_wconf 90' lang='lat' dir='ltr'><strong>hi</strong></span> <span class='ocrx_word' id='word_1_136' title='bbox 1123 2665 1236 2745; x_wconf 88' lang='lat' dir='ltr'><strong>populi</strong></span> <span class='ocrx_word' id='word_1_137' title='bbox 1259 2687 1361 2745; x_wconf 87' lang='lat' dir='ltr'><strong>pauca</strong></span> 
     </span>
     <span class='ocr_line' id='line_1_21' title="bbox 342 2778 1361 2859; baseline 0.002 -20"><span class='ocrx_word' id='word_1_138' title='bbox 342 2778 579 2859; x_wconf 81' lang='lat' dir='ltr'><strong>campestrium,</strong></span> <span class='ocrx_word' id='word_1_139' title='bbox 600 2792 737 2845; x_wconf 84' lang='lat' dir='ltr'><strong>ceterum</strong></span> <span class='ocrx_word' id='word_1_140' title='bbox 754 2783 851 2843; x_wconf 90' lang='lat' dir='ltr'><strong>saltus</strong></span> <span class='ocrx_word' id='word_1_141' title='bbox 870 2792 902 2843; x_wconf 89' lang='lat' dir='ltr'><strong>et</strong></span> <span class='ocrx_word' id='word_1_142' title='bbox 916 2783 1048 2845; x_wconf 77' lang='lat' dir='ltr'><strong>vertices</strong></span> <span class='ocrx_word' id='word_1_143' title='bbox 1065 2779 1219 2841; x_wconf 90' lang='lat' dir='ltr'><strong>montium</strong></span> <span class='ocrx_word' id='word_1_144' title='bbox 1236 2784 1361 2859; x_wconf 88' lang='lat' dir='ltr'><strong>jugum-</strong></span> 
     </span>
     <span class='ocr_line' id='line_1_22' title="bbox 342 2888 1361 2977; baseline 0.004 -24"><span class='ocrx_word' id='word_1_145' title='bbox 342 2910 406 2975; x_wconf 86' lang='lat' dir='ltr'><strong>que</strong></span> <span class='ocrx_word' id='word_1_146' title='bbox 428 2888 621 2956; x_wconf 89' lang='lat' dir='ltr'><strong>iusederunt.</strong></span> <span class='ocrx_word' id='word_1_147' title='bbox 665 2893 784 2957; x_wconf 83' lang='lat' dir='ltr'><strong>dirimit</strong></span> <span class='ocrx_word' id='word_1_148' title='bbox 805 2894 887 2955; x_wconf 89' lang='lat' dir='ltr'><strong>enim</strong></span> <span class='ocrx_word' id='word_1_149' title='bbox 909 2891 1085 2977; x_wconf 85' lang='lat' dir='ltr'><strong>scinditque</strong></span> <span class='ocrx_word' id='word_1_150' title='bbox 1111 2892 1259 2958; x_wconf 79' lang='lat' dir='ltr'><strong>sueviam</strong></span> <span class='ocrx_word' id='word_1_151' title='bbox 1284 2919 1361 2959; x_wconf 89' lang='lat' dir='ltr'><strong>con·</strong></span> 
     </span>
     <span class='ocr_line' id='line_1_23' title="bbox 342 3004 1361 3089; baseline 0.005 -22"><span class='ocrx_word' id='word_1_152' title='bbox 342 3004 467 3069; x_wconf 87' lang='lat' dir='ltr'><strong>tinuum</strong></span> <span class='ocrx_word' id='word_1_153' title='bbox 496 3006 650 3069; x_wconf 87' lang='lat' dir='ltr'><strong>montium</strong></span> <span class='ocrx_word' id='word_1_154' title='bbox 677 3010 803 3087; x_wconf 89' lang='lat' dir='ltr'><strong>jugum,</strong></span> <span class='ocrx_word' id='word_1_155' title='bbox 836 3008 920 3069; x_wconf 88' lang='lat' dir='ltr'><strong>ultra</strong></span> <span class='ocrx_word' id='word_1_156' title='bbox 951 3006 1038 3089; x_wconf 86' lang='lat' dir='ltr'><strong>qued</strong></span> <span class='ocrx_word' id='word_1_157' title='bbox 1069 3009 1223 3088; x_wconf 86' lang='lat' dir='ltr'><strong>plurimas</strong></span> <span class='ocrx_word' id='word_1_158' title='bbox 1252 3022 1361 3088; x_wconf 90' lang='lat' dir='ltr'><strong>gentes</strong></span> 
     </span>
     <span class='ocr_line' id='line_1_24' title="bbox 342 3119 1361 3204; baseline 0.006 -23"><span class='ocrx_word' id='word_1_159' title='bbox 342 3132 455 3199; x_wconf 80' lang='lat' dir='ltr'><strong>aguutr</strong></span> <span class='ocrx_word' id='word_1_160' title='bbox 488 3140 529 3181; x_wconf 83' lang='lat' dir='ltr'><strong>ex</strong></span> <span class='ocrx_word' id='word_1_161' title='bbox 558 3119 674 3203; x_wconf 84' lang='lat' dir='ltr'><strong>quibus</strong></span> <span class='ocrx_word' id='word_1_162' title='bbox 695 3120 845 3183; x_wconf 85' lang='lat' dir='ltr'><strong>latissime</strong></span> <span class='ocrx_word' id='word_1_163' title='bbox 864 3132 951 3203; x_wconf 88' lang='lat' dir='ltr'><strong>patet</strong></span> <span class='ocrx_word' id='word_1_164' title='bbox 970 3120 1144 3204; x_wconf 77' lang='lat' dir='ltr'><strong>Lygiornnr</strong></span> <span class='ocrx_word' id='word_1_165' title='bbox 1164 3144 1297 3202; x_wconf 89' lang='lat' dir='ltr'><strong>nomen,</strong></span> <span class='ocrx_word' id='word_1_166' title='bbox 1325 3127 1361 3187; x_wconf 92' lang='lat' dir='ltr'><strong>in</strong></span> 
     </span>
     <span class='ocr_line' id='line_1_25' title="bbox 341 3232 1361 3313; baseline 0.011 -21"><span class='ocrx_word' id='word_1_167' title='bbox 341 3232 447 3313; x_wconf 81' lang='lat' dir='ltr'><strong>plures</strong></span> <span class='ocrx_word' id='word_1_168' title='bbox 470 3232 606 3299; x_wconf 81' lang='lat' dir='ltr'><strong>civitates</strong></span> <span class='ocrx_word' id='word_1_169' title='bbox 628 3232 788 3298; x_wconf 84' lang='lat' dir='ltr'><strong>diffusum.</strong></span> <span class='ocrx_word' id='word_1_170' title='bbox 828 3238 1054 3300; x_wconf 75' lang='lat' dir='ltr'><strong>valentissimas</strong></span> <span class='ocrx_word' id='word_1_171' title='bbox 1074 3237 1253 3301; x_wconf 86' lang='lat' dir='ltr'><strong>nominasse</strong></span> <span class='ocrx_word' id='word_1_172' title='bbox 1271 3241 1361 3303; x_wconf 86' lang='lat' dir='ltr'><strong>suffi-</strong></span> 
     </span>
     <span class='ocr_line' id='line_1_26' title="bbox 342 3342 1361 3428; baseline 0.012 -23"><span class='ocrx_word' id='word_1_173' title='bbox 342 3342 417 3421; x_wconf 85' lang='lat' dir='ltr'><strong>ciet,</strong></span> <span class='ocrx_word' id='word_1_174' title='bbox 439 3344 570 3421; x_wconf 86' lang='lat' dir='ltr'><strong>llarios,</strong></span> <span class='ocrx_word' id='word_1_175' title='bbox 593 3348 800 3427; x_wconf 80' lang='lat' dir='ltr'><strong>Helvetonns‚</strong></span> <span class='ocrx_word' id='word_1_176' title='bbox 821 3350 1361 3428; x_wconf 83' lang='lat' dir='ltr'><strong>llianimos,Helisios‚Nal1anar-</strong></span> 
     </span>
    </p>
   </div>
   <div class='ocr_carea' id='block_1_3' title="bbox 338 3456 1362 4233">
    <p class='ocr_par' dir='ltr' id='par_1_5' title="bbox 338 3456 1362 4233">
     <span class='ocr_line' id='line_1_27' title="bbox 341 3456 1361 3548; baseline 0.007 -27"><span class='ocrx_word' id='word_1_177' title='bbox 341 3456 439 3521; x_wconf 76' lang='lat' dir='ltr'><strong>talos.</strong></span> <span class='ocrx_word' id='word_1_178' title='bbox 494 3457 591 3543; x_wconf 79' lang='lat' dir='ltr'><strong>Apstd</strong></span> <span class='ocrx_word' id='word_1_179' title='bbox 626 3460 866 3527; x_wconf 78' lang='lat' dir='ltr'><strong>Nahanarvalos</strong></span> <span class='ocrx_word' id='word_1_180' title='bbox 898 3464 1046 3548; x_wconf 86' lang='lat' dir='ltr'><strong>antiquae</strong></span> <span class='ocrx_word' id='word_1_181' title='bbox 1078 3468 1238 3546; x_wconf 88' lang='lat' dir='ltr'><strong>religionis</strong></span> <span class='ocrx_word' id='word_1_182' title='bbox 1270 3471 1361 3531; x_wconf 89' lang='lat' dir='ltr'><strong>lucus</strong></span> 
     </span>
     <span class='ocr_line' id='line_1_28' title="bbox 341 3568 1360 3657; baseline 0.007 -20"><span class='ocrx_word' id='word_1_183' title='bbox 341 3568 526 3637; x_wconf 79' lang='lat' dir='ltr'><strong>ostenditur.</strong></span> <span class='ocrx_word' id='word_1_184' title='bbox 584 3574 740 3657; x_wconf 78' lang='lat' dir='ltr'><strong>praesidet</strong></span> <span class='ocrx_word' id='word_1_185' title='bbox 774 3575 920 3641; x_wconf 82' lang='lat' dir='ltr'><strong>sacerdos</strong></span> <span class='ocrx_word' id='word_1_186' title='bbox 952 3579 1100 3641; x_wconf 83' lang='lat' dir='ltr'><strong>muliebri</strong></span> <span class='ocrx_word' id='word_1_187' title='bbox 1134 3591 1268 3643; x_wconf 87' lang='lat' dir='ltr'><strong>ornatu:</strong></span> <span class='ocrx_word' id='word_1_188' title='bbox 1304 3580 1360 3644; x_wconf 89' lang='lat' dir='ltr'><strong>sed</strong></span> 
     </span>
     <span class='ocr_line' id='line_1_29' title="bbox 340 3682 1361 3776; baseline 0.006 -27"><span class='ocrx_word' id='word_1_189' title='bbox 340 3682 433 3767; x_wconf 84' lang='lat' dir='ltr'><strong>deos,</strong></span> <span class='ocrx_word' id='word_1_190' title='bbox 471 3686 729 3771; x_wconf 75' lang='lat' dir='ltr'><strong>interpretatione</strong></span> <span class='ocrx_word' id='word_1_191' title='bbox 759 3710 908 3771; x_wconf 80' lang='lat' dir='ltr'><strong>musana,</strong></span> <span class='ocrx_word' id='word_1_192' title='bbox 943 3690 1106 3757; x_wconf 81' lang='lat' dir='ltr'><strong>Castorem</strong></span> <span class='ocrx_word' id='word_1_193' title='bbox 1135 3695 1361 3776; x_wconf 86' lang='lat' dir='ltr'><strong>Pollucemque</strong></span> 
     </span>
     <span class='ocr_line' id='line_1_30' title="bbox 339 3801 1361 3883; baseline 0.011 -22"><span class='ocrx_word' id='word_1_194' title='bbox 339 3814 527 3867; x_wconf 79' lang='lat' dir='ltr'><strong>utesuorant.</strong></span> <span class='ocrx_word' id='word_1_195' title='bbox 569 3822 608 3865; x_wconf 83' lang='lat' dir='ltr'><strong>aa</strong></span> <span class='ocrx_word' id='word_1_196' title='bbox 628 3801 676 3867; x_wconf 79' lang='lat' dir='ltr'><strong>vis</strong></span> <span class='ocrx_word' id='word_1_197' title='bbox 697 3803 831 3883; x_wconf 87' lang='lat' dir='ltr'><strong>numini,</strong></span> <span class='ocrx_word' id='word_1_198' title='bbox 850 3826 968 3869; x_wconf 88' lang='lat' dir='ltr'><strong>nomen</strong></span> <span class='ocrx_word' id='word_1_199' title='bbox 988 3808 1083 3869; x_wconf 78' lang='lat' dir='ltr'><strong>Alcis.</strong></span> <span class='ocrx_word' id='word_1_200' title='bbox 1125 3809 1215 3869; x_wconf 86' lang='lat' dir='ltr'><strong>nulla</strong></span> <span class='ocrx_word' id='word_1_201' title='bbox 1232 3809 1361 3871; x_wconf 69' lang='lat' dir='ltr'><strong>emma-</strong></span> 
     </span>
     <span class='ocr_line' id='line_1_31' title="bbox 340 3914 1361 4001; baseline 0.015 -31"><span class='ocrx_word' id='word_1_202' title='bbox 340 3928 409 3984; x_wconf 86' lang='lat' dir='ltr'><strong>era,</strong></span> <span class='ocrx_word' id='word_1_203' title='bbox 431 3914 554 3979; x_wconf 72' lang='lat' dir='ltr'><strong>utillum</strong></span> <span class='ocrx_word' id='word_1_204' title='bbox 575 3916 758 3999; x_wconf 82' lang='lat' dir='ltr'><strong>peregrinae</strong></span> <span class='ocrx_word' id='word_1_205' title='bbox 777 3918 1009 4001; x_wconf 69' lang='lat' dir='ltr'><strong>superstitionis</strong></span> <span class='ocrx_word' id='word_1_206' title='bbox 1029 3920 1209 4001; x_wconf 66' lang='lat' dir='ltr'><strong>vestigium</strong></span> <span class='ocrx_word' id='word_1_207' title='bbox 1238 3934 1276 3983; x_wconf 92' lang='lat' dir='ltr'><strong>ut</strong></span> <span class='ocrx_word' id='word_1_208' title='bbox 1296 3924 1361 3985; x_wconf 80' lang='lat' dir='ltr'><strong>tia·</strong></span> 
     </span>
     <span class='ocr_line' id='line_1_32' title="bbox 340 4032 1362 4111; baseline 0.01 -24"><span class='ocrx_word' id='word_1_209' title='bbox 340 4034 403 4089; x_wconf 74' lang='lat' dir='ltr'><strong>tres</strong></span> <span class='ocrx_word' id='word_1_210' title='bbox 424 4036 546 4107; x_wconf 82' lang='lat' dir='ltr'><strong>tamen,</strong></span> <span class='ocrx_word' id='word_1_211' title='bbox 573 4044 609 4095; x_wconf 90' lang='lat' dir='ltr'><strong>ut</strong></span> <span class='ocrx_word' id='word_1_212' title='bbox 628 4036 761 4111; x_wconf 78' lang='lat' dir='ltr'><strong>juvenes</strong></span> <span class='ocrx_word' id='word_1_213' title='bbox 781 4045 983 4097; x_wconf 80' lang='lat' dir='ltr'><strong>venerantur.</strong></span> <span class='ocrx_word' id='word_1_214' title='bbox 1026 4032 1174 4097; x_wconf 79' lang='lat' dir='ltr'><strong>Ceterum</strong></span> <span class='ocrx_word' id='word_1_215' title='bbox 1194 4035 1286 4099; x_wconf 86' lang='lat' dir='ltr'><strong>llarii</strong></span> <span class='ocrx_word' id='word_1_216' title='bbox 1305 4055 1362 4097; x_wconf 90' lang='lat' dir='ltr'><strong>su-</strong></span> 
     </span>
     <span class='ocr_line' id='line_1_33' title="bbox 338 4140 1361 4233; baseline 0.007 -30"><span class='ocrx_word' id='word_1_217' title='bbox 338 4140 516 4221; x_wconf 70' lang='lat' dir='ltr'><strong>pereites,</strong></span> <span class='ocrx_word' id='word_1_218' title='bbox 545 4147 662 4227; x_wconf 82' lang='lat' dir='ltr'><strong>quibua</strong></span> <span class='ocrx_word' id='word_1_219' title='bbox 684 4160 882 4211; x_wconf 81' lang='lat' dir='ltr'><strong>enumeratos</strong></span> <span class='ocrx_word' id='word_1_220' title='bbox 901 4150 998 4230; x_wconf 78' lang='lat' dir='ltr'><strong>petalo</strong></span> <span class='ocrx_word' id='word_1_221' title='bbox 1021 4163 1093 4213; x_wconf 87' lang='lat' dir='ltr'><strong>aute</strong></span> <span class='ocrx_word' id='word_1_222' title='bbox 1113 4152 1251 4233; x_wconf 84' lang='lat' dir='ltr'><strong>populos</strong></span> <span class='ocrx_word' id='word_1_223' title='bbox 1270 4162 1361 4211; x_wconf 82' lang='lat' dir='ltr'><strong>ante·</strong></span> 
     </span>
    </p>
   </div>
   <div class='ocr_carea' id='block_1_4' title="bbox 0 0 1484 4875">
    <p class='ocr_par' dir='ltr' id='par_1_6' title="bbox 0 0 1484 4875">
     <span class='ocr_line' id='line_1_34' title="bbox 0 0 1484 4875; baseline 0 1"><span class='ocrx_word' id='word_1_224' title='bbox 0 0 1484 4875; x_wconf 95' lang='lat' dir='ltr'><strong> </strong></span> 
     </span>
    </p>
   </div>
  </div>
 </body>
</html>
