2959 4875
522 445 756 516 GERMANIA
1104 445 1148 515 25

126 649 163 690 ac
184 636 299 707 torpor
319 641 504 707 procerum:
540 621 705 685 connubiis
725 619 831 685 mixtis
852 619 999 684 nonnihil
1016 620 1051 684 in
1073 619 1148 684 Sar-

126 751 284 800 matarum
304 737 447 798 habitum
469 734 646 798 foedantur.
697 735 814 798 Veneti
835 738 968 798 multum
989 757 1030 798 ex
1050 736 1148 798 mori·

126 857 187 916 bus
217 866 399 915 traxerunt:
430 873 503 913 nam
533 848 687 934 quidquid
713 851 798 913 inter
823 849 978 913 Peucinos
1006 849 1149 913 Fennos-

127 987 190 1050 que
223 966 375 1031 silvarum
405 984 440 1026 ac
474 965 628 1026 montium
659 964 803 1044 erigiurr,
843 963 1012 1026 latrociniis
1041 983 1149 1045 perer-

126 1094 211 1144 rant.
267 1080 311 1141 Hi
345 1091 450 1140 tamen
484 1077 568 1140 inter
605 1077 779 1141 Germanos
815 1077 921 1160 potius
957 1080 1149 1162 referuntur,

129 1193 207 1276 quia
228 1205 260 1254 et
280 1191 389 1255 domos
417 1190 538 1270 fingunt
562 1202 592 1253 et
616 1203 703 1254 scrita
732 1203 854 1271 gestant
875 1204 907 1254 et
927 1191 1066 1274 peditum
1088 1215 1149 1255 usn

130 1330 168 1370 ac
197 1308 380 1389 pernicitate
408 1305 558 1386 gaudent3
596 1327 677 1389 quae
709 1307 815 1368 omnia
845 1305 968 1371 diversa
1000 1307 1149 1370 Sarmatis

129 1433 221 1499 suut,
246 1421 279 1481 in
301 1423 442 1500 plaustro
465 1439 611 1502 equoque
632 1419 821 1484 viventibus.
863 1419 980 1482 Fennis
1001 1420 1082 1482 neira
1102 1422 1150 1482 fe·

130 1533 224 1612 ritas,
251 1531 345 1595 foeda
365 1546 552 1614 paupertas:
586 1551 652 1592 non
673 1552 777 1609 arma,
807 1553 873 1594 non
894 1535 983 1613 equi,
1008 1553 1074 1594 non
1094 1554 1151 1614 pe-

131 1665 237 1731 nates3
270 1649 368 1715 victui
387 1651 495 1727 herba,
520 1649 644 1712 vestitui
665 1649 772 1730 pelles,
794 1649 896 1711 cubile
915 1650 1041 1711 humus.
1084 1650 1152 1712 sola

132 1769 169 1829 in
204 1767 320 1848 sagittis
351 1786 439 1848 spes,
477 1785 555 1848 quas
586 1764 695 1845 inopia
727 1764 806 1828 ferri
840 1765 963 1827 ossibus
996 1778 1151 1846 asperent.

130 1881 281 1966 idemque
309 1891 437 1944 venatus
463 1877 549 1941 viros
571 1877 690 1959 pariter
714 1899 749 1940 ac
775 1877 907 1941 feminas
929 1879 1001 1941 alit:
1035 1880 1153 1960 passim

131 2000 223 2062 enim
243 1994 427 2056 comitantur
447 2005 630 2076 partemque
652 1992 786 2074 praedae
809 2007 931 2075 petunt.
980 1994 1047 2056 Nec
1069 1993 1154 2056 aliud

132 2111 309 2174 infantibus
329 2112 465 2172 ferarum
486 2110 700 2192 imbriumque
728 2108 917 2188 suffugium,
949 2130 1044 2191 quam
1063 2121 1100 2170 ut
1119 2109 1155 2169 in

134 2227 242 2308 aliquo
266 2245 427 2287 ramorum
455 2245 541 2286 nexu
563 2232 777 2302 contegantur.
824 2223 886 2284 huc
907 2220 1042 2285 redeunt
1064 2225 1155 2302 juve-

136 2359 209 2416 nes,
231 2341 293 2400 hoc
315 2358 424 2400 senum
444 2337 684 2418 receptaculum.
727 2333 790 2397 Sed
810 2334 933 2399 beatius
955 2337 1156 2415 arbitrantur,

138 2474 233 2537 quam
254 2454 412 2533 ingemere
434 2452 523 2531 agris,
546 2450 724 2512 inlaborare
750 2447 905 2528 domibus,
929 2472 1001 2513 suas
1023 2453 1155 2515 alienas-

137 2589 200 2651 que
220 2568 362 2629 fortunas
382 2586 437 2647 spe
458 2577 606 2649 metuque
625 2586 761 2630 versare.
802 2566 906 2627 securi
927 2564 1076 2628 adversus
1098 2567 1158 2627 ho-

138 2684 254 2760 mines,
284 2680 387 2743 securi
408 2676 556 2743 adversus
578 2677 670 2755 deos,
698 2698 767 2739 rem
791 2676 1006 2740 difficillimam
1027 2678 1159 2743 assecuti

139 2808 227 2874 sunt,
249 2807 286 2857 ut
306 2794 368 2856 illis
389 2814 430 2854 ne
450 2805 525 2859 voto
548 2791 675 2876 quidem
700 2812 781 2877 opus
804 2803 895 2853 esset.

225 2909 336 2972 Cetera
354 2912 418 2988 jam
439 2908 600 2970 sabulosa:
623 2906 782 2969 Hellusios
805 2919 835 2968 et
857 2902 999 2969 Oxionas
1022 2924 1078 2967 ora
1099 2905 1159 2967 ho·

139 3024 261 3087 minum
285 3024 469 3105 vultusque,
500 3041 633 3103 corpora
662 3035 755 3105 atque
777 3034 861 3083 artus
882 3020 1022 3081 ferarum
1044 3041 1161 3102 gerere.

142 3135 229 3220 quod
252 3156 309 3217 ego
332 3148 367 3199 ut
387 3136 616 3218 incompertum
638 3134 673 3195 in
696 3132 835 3196 medium
859 3135 1047 3218 relinquam.
