2959 4875
481 400 820 471 extensurus
1114 370 1160 475 s's

129 600 233 665 penes
253 578 417 645 Rnnmnos
430 590 594 658 maneret,
622 578 699 667 quid
719 580 844 659 darent,
873 578 951 666 quid
975 578 1157 661 adimerent,

131 716 240 778 neque
261 691 340 759 alios
363 691 487 771 judices·
505 712 600 776 quam
618 713 654 757 se
674 694 975 777 ipsnspatcrsntur.
1017 698 1103 762 Haeo
1124 698 1157 759 in

130 810 299 891 publicum
325 808 531 887 Ampsiuariis
557 808 738 889 respondit,
766 811 828 891 ipsi
848 810 996 889 Boiocalo
1024 813 1066 875 ob
1091 834 1159 877 me·

131 924 271 987 moriam
298 923 451 992 amicitiae
475 921 629 990 ,datiuum
656 943 757 1004 agros.
806 925 893 1009 quod
919 927 976 992 itte
993 939 1030 989 ut
1050 926 1157 1009 prodi-

128 1037 229 1099 tionis
248 1036 385 1116 pestium
404 1035 743 1116 nunnamenster,
766 1036 881 1106 ‘deesse
903 1042 994 1103 nobis
1014 1052 1099 1103 terra
1122 1043 1157 1108 in

131 1170 199 1233 qua
218 1151 379 1225 vivamus,
399 1148 439 1219 ,ie
454 1170 527 1231 -que
548 1149 807 1239 motismunnon
830 1154 951 1233 potest?
1000 1164 1093 1236 atque
1114 1154 1157 1215 ita

129 1263 266 1328 infensis
286 1261 435 1346 utrinque
457 1264 569 1335 animis
590 1262 770 1329 discessum.
793 1267 862 1332 'Illi
876 1268 1054 1346 Bructeros,
1072 1271 1157 1332 Ten·

133 1392 253 1453 cteros,
283 1377 448 1450 ulteriores
477 1377 571 1444 etiam
597 1378 740 1442 nationes
767 1379 870 1446 socias·
889 1382 972 1444 bello
995 1384 1156 1449 secabant.

129 1490 247 1563 Avitus
268 1492 384 1572 scripto
403 1489 446 1559 ad
465 1489 815 1559 numinenumine
842 1495 1025 1575 superionisv
1036 1498 1156 1563 exerci-

130 1622 185 1671 tus
203 1609 340 1687 legatum
357 1619 396 1670 ut
411 1605 563 1677 laneam
578 1619 788 1686 transmeatur
810 1628 896 1672 arma
912 1621 1155 1687 stergonstsn-

132 1722 240 1802 deret,
260 1721 486 1815 ipselegiones
504 1718 675 1803 in.-sgnum
693 1723 885 1811 Tencterum
904 1723 1046 1803 induxit,
1067 1725 1155 1793 *exeis

131 1837 222 1913 mum
250 1838 416 1915 minitanst
445 1834 638 1925 nicensem
665 1856 764 1903 susm!
789 1835 1002 1903 dissociarent.
1056 1838 1155 1918 Igitur
1213 1891 1215 1899 .

130 1952 358 2026 absistentibus
375 1949 436 2027 his,
453 1950 531 2031 pari,
544 1965 630 2019 metu
643 1951 793 2019 ‚exterriti
812 1954 968 2032 Bructeri,
993 1956 1153 2021 etdceteris

130 2087 260 2150 quoquc
284 2066 386 2136 eliens
404 2066 546 2151 pericula
569 2064 837 2146 defendentibus,'
852 2071 918 2129 sota
940 2068 1153 2149 Ampsivario-

128 2204 206 2247 rum
226 2204 302 2263 gens
322 2194 407 2245 retro
429 2177 469 2245 ad
489 2181 607 2265 Usipos
631 2196 663 2245 et
684 2184 845 2247 Tubantes
869 2183 1029 2249 concessit.
1073 2202 1152 2273 quo·

127 2298 317 2362 rumterris
341 2297 442 2360 exacti
462 2318 561 2382 quum
583 2296 729 2378 Chattos,
759 2296 831 2360 dein
855 2295 1030 2361 Cheruscos
1046 2297 1152 2379 ‘petis-

129 2424 220 2490 sent,
248 2433 354 2476 errore
374 2413 470 2493 longo
491 2411 632 2493 hospites
654 2412 759 2494 egeni,
779 2412 884 2476 hostes
905 2410 939 2473 in
962 2412 1042 2490 aiio,
1064 2410 1150 2495 quod

127 2526 299 2605 juventutis
333 2538 401 2587 erat
434 2523 623 2588 caedunturt
655 2523 790 2588 imbellis
820 2537 905 2587 estas
935 2524 968 2585 in
1000 2523 1151 2606 praedam

129 2638 230 2707 divisa
252 2653 309 2702 est.
972 2699 975 2703 .

213 2752 339 2817 Eadem·
361 2760 475 2814 aestate
501 2751 586 2815 inter
605 2745 849 2813 Hermunduros
867 2748 1058 2834 Chattosque
1084 2759 1253 2822 cer-1³‚5t

125 2881 226 2932 tatum
246 2889 359 2948 magno
380 2868 518 2949 proelio,
542 2865 617 2929 dum
635 2863 754 2927 flumen
776 2853 929 2946 gignendo
954 2867 1017 2928 sale
1038 2866 1150 2926 fecun-

128 2982 205 3046 dum
227 2996 259 3047 et
280 2982 507 3046 conterminum
526 2981 559 3045 vi
578 2982 716 3059 trahunt,
740 3003 836 3064 super
856 2979 1020 3044 libidinem
1040 2955 1150 3044 structa

127 3097 223 3160 armis
247 3097 359 3178 egendi
378 3096 528 3176 religione
551 3096 653 3176 insita,
677 3119 730 3160 eos
753 3097 888 3159 maxime
910 3101 996 3161 locos
1018 3097 1150 3177 propin-

127 3233 226 3297 quare
248 3214 353 3289 cocio,
377 3231 548 3294 precesque
569 3211 750 3272 mortalium
770 3231 789 3270 a
813 3206 872 3271 diis
896 3229 1052 3292 nusquam
1073 3228 1150 3290 pro·

124 3327 199 3410 pius
227 3324 341 3388 audiri.
388 3321 462 3387 inde
492 3322 684 3403 indulgentia
712 3323 879 3384 numinum
908 3322 962 3384 illo
993 3321 1026 3382 in
1058 3341 1149 3384 amne

124 3443 251 3526 illisque
272 3440 358 3505 silvis
388 3442 484 3502 salem
509 3436 696 3520 provenire,
727 3458 793 3500 non
814 3437 947 3498 stelias
970 3432 1149 3515 apudgcn-
1205 3445 1208 3454 ’

124 3568 189 3632 tes,
205 3555 323 3618 'eluvie
348 3553 443 3615 maris
473 3563 650 3629 arescente,
678 3548 733 3611 sed
755 3546 843 3611 unda
868 3569 964 3631 super
986 3546 1147 3610 ardentem

125 3668 276 3732 arborum
298 3681 417 3730 struem
441 3669 528 3745 inse,
557 3686 599 3728 ex
627 3665 792 3729 contraris
817 3664 900 3726 inter
921 3683 953 3724 se
978 3660 1147 3735 elementis,

122 3781 197 3861 igne
219 3793 315 3864 etqtte
336 3779 436 3865 aquis,
457 3791 647 3842 concretum.
690 3775 754 3839 Sed
774 3778 892 3840 bellum
914 3770 1146 3836 Hermunduris

122 3917 332 3979 prosperum,
359 3895 477 3958 Chattis
502 3894 663 3956 exitiosius
685 3893 761 3968 fuit,
790 3889 863 3972 quia
885 3886 1019 3952 victores
1042 3883 1146 3950 diver·

121 4030 190 4072 sam
213 4010 312 4072 aciem
332 4010 427 4073 Marti
450 4031 486 4072 ac
504 4008 665 4070 Mercurio
687 4025 858 4084 sacravere,
882 4022 946 4086 quo
968 4013 1042 4066 voto
1065 4002 1147 4083 equi,

120 4126 200 4203 viri,
235 4138 346 4188 cuncta
375 4125 456 4192 ricta
483 4123 639 4190 occidioni
666 4122 790 4186 dantur.
834 4133 864 4182 et
889 4117 992 4182 minae
1021 4117 1145 4200 quidem
