2959 4875
460 467 523 537 EX
546 469 801 542 tunsurus
1101 477 1146 545 st

115 641 309 706 trucidatsuu
327 653 392 720 est,
414 639 516 707 donec
537 644 585 707 ira
607 657 638 706 et
659 643 724 708 dies
744 649 927 728 permansit.
967 648 1068 714 Nocte
1089 649 1145 714 de·

26 737 27 744 ἵ
115 779 204 820 mum
226 775 373 822 reversae
395 755 549 836 legiones,
571 757 714 840 quamvis
735 761 809 842 plue
829 765 1015 841 vulnerum,
1034 764 1145 829 eadem

116 871 262 934 ciborum
284 880 401 950 egestas
423 869 577 951 fatigaret,
604 871 678 950 vim,
700 875 874 953 sanitatem,
896 879 1010 960 copias,
1031 893 1144 948 cuneta

115 986 149 1048 in
170 986 304 1050 victoria
324 986 475 1048 habuere.

200 1102 387 1164 Pervaserat
416 1098 543 1162 iuterim
574 1100 777 1164 circumventi
809 1104 966 1167 exercitus
998 1107 1082 1170 fama
1112 1099 1145 1172 et
1158 1124 1228 1188 1,69

116 1215 233 1279 infesto
254 1215 486 1278 Germanorum
514 1216 636 1298 agmine
661 1217 778 1280 Gallias
801 1217 885 1301 peti:
916 1241 950 1282 ac
974 1220 1009 1283 ui
1029 1223 1143 1305 Agrip-

116 1329 192 1409 pina
212 1327 393 1411 impositum
412 1325 527 1391 Rheno
547 1342 676 1411 pontem
697 1331 778 1396 solvi
798 1334 1025 1414 prohibuisset,
1053 1348 1143 1400 erant

117 1443 173 1524 qui
192 1442 227 1506 id
246 1441 398 1522 flagitium
420 1440 588 1506 formidine
610 1442 784 1508 auderenu
817 1443 873 1508 sed
894 1447 1012 1510 femina
1032 1448 1141 1531 ingens

117 1559 213 1620 animi
234 1558 343 1620 munia
357 1555 451 1652 'ducis
472 1573 531 1641 per
550 1572 605 1619 eos
627 1555 693 1619 dies
715 1554 830 1631 induit,
850 1559 1081 1642 militibusque,
1105 1575 1142 1625 ut

116 1673 187 1753 quis
206 1671 303 1754 inops
321 1682 376 1734 aut
397 1651 538 1748 saucius,
562 1680 681 1735 vestem
703 1685 734 1736 et
759 1675 900 1735 fomenta
922 1673 1064 1756 dilargita
1085 1688 1141 1740 est.

115 1783 228 1848 Tradit
248 1784 344 1863 Caius
365 1783 504 1863 Plinius,
534 1787 783 1865 germanicorum
812 1788 968 1851 beliorum
996 1791 1139 1872 scriptor,

114 1903 238 1964 stetisse
260 1899 343 1984 apud
364 1901 556 1984 principium
578 1905 702 1983 pontis,
724 1903 836 1968 laudes
857 1917 888 1966 et
910 1918 1010 1985 grates
1031 1927 1140 1971 rever·

112 2013 156 2077 sie
178 2011 359 2093 legionssrus
379 2013 556 2078 habentem.

199 2126 243 2189 At
269 2125 472 2192 Germanicus
500 2127 659 2210 legionum
682 2146 762 2209 quas
785 2126 920 2188 navibus
941 2139 1070 2190 vexerat
1090 2147 1227 2211 se·1‚to

113 2240 252 2306 condam
283 2254 316 2304 et
344 2255 488 2325 quartam
517 2241 682 2306 decumam
713 2242 827 2304 itinere
856 2243 997 2305 terrestri
1024 2243 1138 2306 Publio

113 2357 244 2419 Vitellio
267 2355 424 2420 ducendas
444 2355 558 2435 tradit,
586 2375 650 2440 quo
671 2355 773 2419 levior
794 2355 899 2418 elassis
921 2354 1040 2420 vadoso
1060 2355 1140 2419 mari

113 2473 240 2535 innaret
272 2472 324 2535 vel
352 2470 516 2553 reciproco
552 2468 676 2533 rideret.
728 2470 877 2533 Vitellius
911 2471 1049 2551 primum
1077 2471 1139 2533 iter

114 2586 194 2648 sicea
217 2586 316 2648 humo
343 2596 399 2648 aut
419 2582 541 2648 modice
563 2583 718 2645 allabente
740 2594 828 2644 aestu
851 2583 993 2664 quietum
1012 2584 1139 2647 habuit:

113 2720 191 2763 mox
219 2700 357 2783 impulsu
381 2697 555 2780 aquilonis,
583 2698 677 2759 simul
699 2693 802 2759 sidere
832 2696 1038 2777 aequinoctii,
1074 2719 1139 2781 quo

115 2814 249 2875 mafime
275 2812 420 2875 tumescit
448 2831 601 2888 oceanus,
633 2810 704 2890 rapi
731 2809 844 2892 agique
866 2831 987 2889 agmen.
1030 2824 1061 2873 et
1081 2832 1139 2893 op·

114 2929 282 3008 plebantur
301 2937 422 2989 terrae:
444 2920 552 2987 eadem
576 2924 673 3001 irato,
695 2922 795 3000 litori,
815 2924 932 3003 campis
953 2923 1061 3000 iacies,
1081 2944 1143 3009 ιιιε-6

114 3063 175 3125 que
206 3040 345 3105 discerni
363 3053 512 3125 poterant
532 3040 651 3103 incerta
677 3041 717 3101 ab
739 3037 862 3116 solidis,
893 3042 1002 3105 brevia
1023 3062 1042 3101 a
1062 3061 1139 3121 pro·

24 3172 26 3241 t
114 3156 231 3219 fundis.
274 3161 459 3221 sternuntur
477 3153 641 3229 fluctibus,
660 3153 854 3214 hauriuntur
874 3152 1067 3232 gurgitibus:
1088 3158 1139 3231 ju·

113 3283 235 3349 menta,
268 3269 426 3346 sarcinae,
459 3287 594 3349 corpora
622 3266 767 3327 exanima
790 3264 993 3336 interfluunt,
1027 3285 1138 3327 occur·

113 3399 191 3449 saut.
236 3385 464 3467 permiscentur
492 3381 576 3444 inter
605 3399 638 3441 se
669 3377 842 3460 manipuli,
876 3376 972 3473 modo
1002 3392 1139 3461 pectore,

112 3499 208 3563 modo
232 3512 402 3563 oretenus
426 3508 593 3572 exstantes,
613 3494 784 3579 aliquando
805 3498 967 3559 subtracto
986 3498 1055 3559 solo
1076 3495 1140 3560 dis·

111 3618 183 3695 jeoti
205 3630 262 3681 aut
282 3616 401 3680 obruti.
442 3635 509 3678 non
537 3633 601 3677 vox
629 3626 660 3674 et
685 3615 789 3675 mutui
818 3614 961 3675 hortatus
987 3613 1141 3689 juvabant

112 3732 299 3798 adversante
324 3727 429 3806 unda,
458 3730 538 3793 nihil
562 3742 709 3792 strenuus
731 3730 773 3790 ab
793 3728 927 3809 ignavo,
953 3723 1078 3803 sapiens
1100 3721 1139 3783 ab

111 3845 203 3924 rudi,
224 3846 355 3909 consilia
377 3866 396 3905 a
418 3862 492 3906 easu
513 3841 660 3918 differre3
694 3854 806 3903 cuncta
827 3839 897 3919 pari
920 3835 1070 3899 violentia
1090 3832 1141 3895 in·

110 3961 335 4025 volvebantur.
376 3954 518 4019 Tandem
546 3951 696 4017 Vitellius
724 3952 759 4012 in
788 3948 923 4011 editiora
953 3947 1058 4011 enisus
1087 3968 1141 4011 eo·

113 4077 184 4139 dem
221 4098 332 4157 agmen
364 4071 529 4137 subduxit.
583 4080 808 4151 pernoctavere
840 4064 908 4128 sine
947 4063 1141 4143 utensilibus,

113 4192 181 4255 siue
204 4193 288 4273 igni3
311 4212 422 4272 magua
444 4208 518 4272 pars
541 4185 628 4250 nudo
653 4198 706 4249 aut
731 4188 867 4250 multato
889 4203 1032 4267 corpore,
1056 4180 1143 4245 hacid
1192 4226 1195 4230 -
