2959 4875
502 388 566 457 EX
586 390 826 461 HISTORIIS
1113 396 1176 465 103

148 566 239 630 biom
273 567 399 629 audatie
433 566 552 651 quique
577 588 655 631 mox
681 588 857 653 provenere
875 570 961 657 ⁸lraec
990 570 1091 653 patria
1119 586 1175 653 eat,

148 702 208 743 nec
228 700 288 745 voa
310 678 392 743 adeo
412 680 541 764 iniquoa
568 682 799 764 exiatimamus,
828 696 864 747 ut
882 685 1016 749 interfici
1035 708 1054 749 a
1081 690 1174 752 nobie

149 808 313 878 parentes,
350 797 481 875 iratres,
514 797 633 860 lrlreroe
662 812 790 863 nostroe
821 798 935 865 velitia-
984 799 1114 883 vectigal
1143 814 1174 867 et

150 931 249 972 onera
270 909 530 973 commerciorum
549 912 746 976 resolvimus.
788 913 851 976 eint
866 915 1015 976 transitus
1035 914 1173 979 incueto·

149 1022 217 1104 diti,
241 1024 297 1093 aed
320 1022 428 1086 diurni
448 1037 479 1087 et
502 1026 650 1105 inermes,
670 1025 772 1091 donec
792 1047 877 1093 nova
897 1041 929 1091 et
947 1028 1083 1091 recentia
1102 1033 1173 1106 jura

46 1173 47 1184 κ
148 1142 183 1202 in
210 1151 399 1203 vetustatem
426 1141 654 1205 consuetudine
679 1154 854 1207 vertantur.
901 1142 1053 1205 arbitrum
1075 1143 1172 1205 habe·

44 1321 45 1344 3
149 1252 253 1315 bimur
275 1251 408 1314 Civilem
427 1265 458 1315 et
475 1251 638 1332 Veledam,
657 1252 743 1337 apud
763 1274 844 1338 quoe
864 1267 955 1337 pacta
975 1256 1173 1321 eancientur.’

149 1364 200 1427 Sic
219 1365 325 1427 lenitia
346 1365 508 1429 Tencteria
527 1364 620 1448 legati
640 1363 681 1428 ad
702 1364 835 1431 Civilem
862 1381 894 1433 et
914 1366 1065 1431 Veledam
1086 1369 1172 1433 miaei

149 1502 220 1543 cum
248 1478 341 1543 donis
369 1492 480 1543 cuncta
507 1501 548 1544 cx
572 1483 735 1546 voluntate
758 1479 1032 1563 Agrippinensium
1059 1502 1172 1564 perpe·

147 1606 282 1659 trevere.
323 1591 380 1657 aed
401 1613 508 1656 coram
530 1590 617 1656 adire
638 1592 821 1676 alloquique
842 1592 995 1659 Veledam
1017 1606 1172 1676 negatum.

147 1710 336 1773 arcebantur
355 1721 499 1791 aspectu,
525 1730 591 1792 quo
612 1708 832 1774 venerationia·
846 1711 917 1793 plue
936 1710 1061 1773 ineseet.
1102 1710 1171 1793 ipae

147 1820 232 1885 edita
251 1822 288 1883 in
306 1835 411 1888 tin-re:
433 1821 570 1887 delectur
591 1846 609 1887 e
630 1824 820 1909 propinquis
841 1826 982 1890 consulta
1003 1846 1170 1909 reaponae-

148 1956 213 2019 que
235 1946 272 1997 ut
293 1935 502 1998 internuntius
524 1936 662 1999 numinis
681 1939 837 2020 portabat.

234 2045 341 2109 Civilia
374 2049 520 2112 aocietate
552 2047 831 2129 Agrippinensium
868 2059 976 2113 auctus
1008 2047 1168 2130 proximae
1181 2060 1251 2125 noo

33 2151 34 2158 ἵ
146 2160 286 2224 civitatee
306 2162 452 2224 affectare
479 2174 536 2224 aut
562 2160 800 2226 advereantibue
826 2162 944 2225 bellum
967 2160 1084 2223 inferre
1106 2173 1169 2223 eta·

146 2276 212 2338 tuit.
256 2275 477 2359 occupatisque
506 2272 630 2337 Senicie
656 2289 688 2340 et
706 2280 867 2354 juventute
896 2295 1007 2339 eorum
1034 2294 1093 2356 per
1115 2291 1168 2336 co·

144 2392 252 2456 hortea
273 2392 463 2474 composita,
496 2392 688 2476 quominus
717 2393 801 2456 ultra
822 2405 982 2476 pergeret,
1016 2389 1166 2455 Claudius

144 2504 251 2568 Labeo
271 2506 470 2570 Betaciorum
490 2507 756 2598 Tungrorumque
783 2520 813 2571 et
837 2509 1028 2572 Nerviorum
1049 2510 1166 2570 tumul·

144 2624 247 2686 tuaria
273 2645 371 2687 manu
401 2624 516 2686 restitit
544 2627 645 2688 iretua
672 2626 760 2704 loco,
794 2623 868 2708 quia
896 2634 1025 2705 pontem
1054 2622 1163 2684 Mosae

144 2735 282 2800 fluminis
303 2749 508 2818 anteceperat.
548 2739 810 2820 pugnabaturque
839 2737 873 2799 in
895 2735 1043 2817 engusliis
1065 2721 1164 2796 anilii-

143 2872 212 2930 gue‚
234 2849 335 2912 donec
353 2849 503 2912 Germani
513 2861 712 2911 'tranatantee
732 2862 818 2929 terga
834 2848 993 2911 Labeonis
1011 2850 1164 2912 invasere.

143 2965 245 3029 Simul
268 2964 389 3042 Civilia,
411 2986 505 3030 auaua
529 2987 569 3027 an
592 2966 842 3055 circumposito,
864 2968 1022 3056 intulitee
1048 2966 1162 3048 agmini

141 3082 346 3162 Tungrorum
377 3093 409 3146 et
438 3082 522 3144 clara
551 3100 628 3145 voce
660 3083 736 3143 ‘non
766 3073 856 3159 ideo,
888 3079 1009 3163 inquit,
1044 3081 1162 3141 bellum

141 3194 330 3278 eumpsimue
366 3207 402 3257 ut
436 3194 547 3256 Batavi
584 3205 616 3254 et
650 3192 782 3255 Treveri
818 3193 961 3273 genlibue
997 3192 1163 3272 imperent.

141 3312 254 3392 procul
284 3311 414 3370 haece
446 3307 538 3372 nobie
570 3306 778 3392 arrogantia.v
815 3305 943 3387 accipite
975 3304 1163 3370 societatem.

140 3421 354 3505 transgredior
374 3422 415 3487 ad
435 3445 509 3502 voa,
530 3445 586 3487 eeu
607 3445 658 3486 me
681 3421 792 3484 ducem
815 3443 870 3512 seu
890 3421 1021 3487 militem
1040 3423 1162 3486 mavul·

140 3539 200 3603 tie!
249 3539 440 3604 Movebatur
470 3538 582 3619 vulgus
618 3537 858 3624 cpndebantque
891 3509 1027 3621 gladios,
1064 3559 1162 3621 quum

142 3655 322 3738 Campanus
347 3677 383 3718 ac
409 3655 567 3719 Iuvenalis
592 3674 632 3717 ex
654 3655 846 3736 primoribus
866 3656 1067 3735 Tungrorum
1089 3651 1161 3713 uni·

138 3792 264 3835 veream
294 3770 323 3832 ei
350 3783 474 3851 gentem
499 3768 656 3832 dedidere.
697 3769 807 3834 Labeo
834 3782 1002 3853 antequam
1029 3768 1160 3832 circum·

139 3884 302 3947 veniretur
324 3885 473 3968 profugit.
522 3879 630 3945 Civilia
651 3881 794 3946 Betaeioe
818 3903 946 3967 quoque
969 3903 1004 3943 ac
1025 3880 1161 3948 Nervios

138 4000 173 4060 in
202 3997 296 4060 iidem
324 4011 467 4080 acceptor
497 3996 595 4080 copiia
622 3996 688 4060 auie
712 3995 871 4076 adjunxit,
909 3997 1017 4077 ingene
1043 4017 1160 4074 rerum,
1272 4003 1289 4016 '

140 4114 292 4193 perculsia
314 4113 472 4178 civitatum
495 4110 606 4174 animia
627 4111 678 4175 vel
697 4120 810 4193 eponte
832 4108 1064 4176 inclinantibue.
