2959 4875
324 432 368 498 98
671 424 734 493 EX
758 424 993 493 HISTORIIS

326 602 546 687 obsidiumque
570 597 654 682 apud
671 600 791 663 Vetera
813 600 960 680 legiones,
981 620 1039 662 nec
1059 611 1181 663 terrore
1200 612 1255 665 aut
1274 620 1351 684 pro·

326 719 428 783 missis
449 716 666 780 demorentur.
706 713 808 779 Nobis
829 736 926 799 super
945 736 1032 777 arma
1053 727 1084 777 et
1101 715 1186 779 viros
1208 728 1241 779 et
1262 737 1351 796 egre-

327 830 377 911 gia
388 844 561 893 castrorum
575 825 771 890 munimenta
784 826 976 891 frumentum
990 842 1020 892 et
1033 840 1223 892 commeatus
1238 850 1350 912 quam-

327 948 375 1010 vis
402 948 498 1026 longo
521 946 606 1009 bello
634 963 737 1027 pares.
784 943 919 1025 pecunia
947 964 1049 1025 nuper
1078 944 1171 1007 etiam
1199 943 1349 1007 donativo

327 1059 465 1136 suffecit,
488 1055 576 1141 quod
598 1055 663 1123 sive
685 1078 705 1118 a
724 1056 854 1120 Vitellio
876 1056 984 1119 datum
1003 1056 1207 1139 interpretari
1226 1061 1349 1122 mavul·

326 1175 383 1251 tis,
414 1172 453 1233 ab
476 1170 667 1251 imperatore
689 1179 772 1231 certe
793 1188 927 1230 romano
951 1169 1121 1250 accepistis.
1163 1170 1227 1233 Tot
1248 1172 1348 1233 bello·

325 1306 398 1350 rum
415 1285 558 1361 victores,
581 1280 665 1365 apud
684 1280 871 1361 Geldubam,
895 1280 979 1364 apud
998 1285 1124 1364 Vetera,
1145 1286 1218 1349 luso
1234 1287 1346 1349 totiens

325 1406 434 1476 hoste,
463 1395 490 1462 si
516 1380 638 1482 pavetis
660 1400 776 1477 aciem,
808 1397 971 1479 indignum
993 1378 1192 1485 idquidcm:
1226 1400 1350 1465 sedeat

325 1520 443 1581 vallum
475 1515 621 1599 muriqus
653 1526 685 1576 et
714 1512 861 1578 trahendi
890 1528 987 1593 artes,
1018 1512 1119 1577 donec
1147 1536 1164 1577 e
1194 1518 1349 1599 proximis

325 1630 495 1712 provinciis
527 1628 645 1693 auxilia
674 1627 893 1710 exercitusque
924 1644 1122 1695 concurrant.
1176 1630 1259 1695 Sane
1289 1654 1347 1714 ego

325 1741 514 1823 displiceam.
557 1750 631 1802 stant
652 1739 721 1816 alii,
748 1738 857 1817 legati,
883 1741 1020 1821 tribuni,
1045 1742 1188 1807 centtmio
1209 1744 1346 1829 denique

325 1865 379 1915 aut
402 1855 501 1916 miles.
552 1872 592 1914 ne
617 1853 679 1914 lroc
699 1849 879 1934 prodigium
905 1866 973 1918 soto
1000 1869 1156 1923 terrarum
1177 1862 1252 1923 orbs
1273 1863 1348 1924 vul·

323 1983 422 2047 getur,
443 1966 535 2031 vobis
555 1966 740 2031 satellitibus
761 1964 891 2031 Civilem
914 1982 943 2031 st
965 1969 1136 2035 Classicum
1155 1974 1276 2036 ltaliam
1296 1976 1348 2037 in-

322 2102 465 2147 vasuros.
521 2104 578 2159 an,
613 2079 640 2143 si
671 2075 711 2143 ad
745 2082 869 2145 moenia
899 2084 986 2146 urbis
1017 2084 1166 2151 Germani
1200 2087 1345 2171 Gallique

323 2195 487 2276 duxerint,
518 2218 605 2261 arma
632 2195 753 2278 patriae
779 2194 942 2261 inferetis?
985 2201 1095 2264 horret
1121 2204 1243 2265 aninius
1265 2204 1346 2267 tanti

321 2307 431 2391 flagitii
459 2309 606 2388 imagine.
658 2308 803 2371 Tutorin'
832 2313 972 2375 Trevero
1007 2327 1137 2394 agentur
1169 2315 1344 2384 excubiae?

322 2424 444 2503 signum
474 2424 551 2486 balli
580 2424 719 2487 Batavus
749 2418 856 2489 dabit?
887 2439 917 2488 et
946 2426 1177 2495 Germanorum
1203 2445 1344 2496 catervas

320 2533 528 2620 supplebitis?
551 2535 622 2620 quis
647 2537 760 2601 deinde
783 2542 906 2603 sceleris
931 2543 1052 2622 exitus,
1074 2566 1173 2629 quum
1194 2567 1344 2612 romanas

319 2653 457 2732 legiones
481 2665 596 2716 'corma
627 2650 826 2718 direxerint?
859 2660 1037 2738 manslugas
1065 2681 1084 2720 e
1112 2661 1281 2741 transfugis
1313 2673 1344 2723 et

318 2764 496 2846 proditores
526 2786 543 2826 e
571 2765 789 2847 proditoribus
818 2770 903 2833 inter
928 2793 1036 2836 recens
1065 2787 1213 2838 etvetus
1239 2796 1344 2838 sacra·

319 2891 459 2940 mentum
479 2879 574 2942 invisi
596 2879 661 2943 deis
683 2882 852 2946 errabitis?
872 2899 918 2964 te,
939 2887 1082 2968 luppiter
1102 2891 1218 2970 optime
1240 2892 1344 2954 maxi-

317 3007 385 3065 me,
414 3009 508 3069 quem
536 3011 594 3070 per
622 2992 815 3071 octingentos
842 2996 952 3074 viginti
977 3019 1076 3061 annos
1100 3013 1148 3063 tot
1171 3003 1342 3084 triumphis

318 3099 482 3178 coluimus,
503 3112 543 3179 te,
564 3099 699 3177 Quirina
718 3125 869 3169 romanae
892 3130 1006 3188 parans
1030 3114 1128 3191 urbis,
1151 3136 1266 3196 precor
1286 3137 1342 3182 ve-

318 3231 477 3296 nerorque
499 3227 547 3294 ut,
575 3216 601 3276 si
623 3218 715 3282 vobis
741 3239 807 3282 non
829 3220 890 3282 fuit
910 3220 998 3284 cordi
1018 3245 1068 3288 me
1090 3224 1168 3290 druco
1189 3229 1268 3292 baec
1289 3209 1341 3292 ca·

318 3336 384 3386 stra
412 3325 597 3409 incorrupta
626 3342 658 3392 et
685 3331 869 3396 intemerata
894 3337 1014 3400 servari
1021 3381 1030 3416 ,
1065 3352 1097 3401 at
1126 3355 1208 3404 certe
1235 3342 1339 3422 pollui

317 3435 501 3519 foedarique
530 3460 549 3500 a
576 3443 697 3504 Tutore
725 3458 758 3506 et
786 3445 923 3511 Classico
951 3471 992 3513 ne
1020 3454 1138 3519 sinatis.
1187 3457 1338 3522 militibus

314 3551 455 3615 maianis
473 3563 528 3614 aut
546 3553 759 3620 innocentiam
778 3558 857 3625 detis
877 3578 930 3628 aut
945 3580 1101 3633 maturam
1121 3583 1153 3635 et
1166 3572 1235 3636 sine
1252 3595 1338 3640 noxa

312 3668 558 3746 poenitentiam?

230 3794 300 3854 sss
401 3782 498 3845 Varie
521 3797 652 3867 excepta
676 3788 778 3852 oratio
800 3792 883 3857 inter
905 3815 993 3876 spem
1013 3809 1195 3880 metumque
1220 3821 1256 3863 ac
1276 3821 1338 3882 pu·

313 3889 433 3954 dorem.
474 3893 658 3975 Digressum
685 3900 841 3966 Voculam
868 3917 899 3966 et
927 3905 966 3968 de
993 3911 1148 3990 supremis
1169 3916 1339 3992 agitantem

312 4007 418 4070 liberti
445 4012 592 4096 seruique
618 4017 811 4096 prohibuere
835 4018 1046 4086 foedissimam
1067 4039 1201 4089 mortem
1223 4040 1337 4110 sponte

310 4124 514 4204 praevenire,
544 4139 575 4189 et
596 4128 754 4194 Classicus
774 4134 871 4196 misso
891 4135 1026 4201 Aemilio
1052 4135 1200 4222 Longino
1229 4141 1339 4206 deser·
