2959 4875
344 455 407 525 too
697 451 760 520 ΒΧ
785 450 1017 522 HISTORIIS

341 642 558 716 pensarentur.
609 628 738 693 Cerialis
762 653 780 693 a
803 640 889 692 metu
910 626 1072 705 inlamiae,
1101 627 1129 689 si
1148 624 1273 689 licentia
1297 645 1368 688 sac·

341 746 482 829 vitiaque
510 747 652 809 imbuere
681 745 812 808 militem
846 742 1043 821 crederetur,
1074 743 1186 825 pressit
1216 743 1298 805 iras:
1337 754 1369 805 et

341 883 476 945 paruere
509 861 614 944 posito
646 860 761 925 civium
797 862 879 924 bello
912 858 953 922 ad
985 872 1116 922 externa
1147 856 1365 921 modestiores.

341 976 504 1040 Convertit
526 975 600 1039 inde
620 976 742 1039 animos
768 975 934 1039 accitarum
959 996 977 1038 e
997 972 1244 1038 Mediomatricis
1265 974 1367 1053 legio-

340 1113 419 1154 num
451 1091 637 1155 miserabilis
669 1104 822 1175 aspectus.
878 1092 1017 1157 stabant
1037 1088 1225 1156 conscientia
1254 1088 1365 1169 flagitii
1462 1096 1463 1177 t

340 1217 477 1267 moestae
505 1204 579 1268 fixis
607 1206 642 1266 in
673 1219 790 1269 terram
822 1207 930 1270 oculis.
983 1206 1071 1269 nulla
1104 1205 1186 1267 inter
1216 1217 1366 1266 coeuntes
1462 1196 1463 1231 ³

340 1318 496 1381 exercitus
525 1317 739 1382 consalutatio.
782 1340 886 1403 neque
917 1319 1094 1382 solantibus
1122 1318 1363 1383 hortantibusve
1462 1290 1463 1297 ἵ

340 1453 493 1514 responsa
521 1430 637 1496 dabant
666 1429 765 1494 abditi
787 1454 844 1513 per
864 1433 1000 1494 tentoria
1021 1444 1052 1494 et
1071 1432 1174 1492 lucem
1195 1429 1295 1511 ipsam
1315 1429 1366 1490 vi·
1462 1514 1463 1519 η

339 1556 452 1610 rantes.
501 1545 568 1608 Nec
588 1546 722 1628 proinde
743 1546 918 1629 periculum
942 1555 997 1608 aut
1018 1556 1119 1606 metus
1141 1564 1237 1627 quam
1258 1540 1365 1623 pudor
1462 1556 1463 1609 ἕ

341 1680 377 1721 ac
410 1656 546 1721 dedecus
578 1659 845 1740 obstupefecerat,
882 1658 1021 1721 attonitis
1054 1660 1147 1720 etiam
1180 1657 1364 1733 victoribus,
1462 1700 1463 1709 .

341 1774 399 1857 qui
419 1794 528 1838 vocem
554 1794 725 1857 precesque
752 1772 902 1839 adbibere
927 1796 994 1837 non
1016 1775 1084 1838 ausi
1107 1773 1242 1838 lacrimis
1262 1794 1298 1835 ac
1319 1771 1364 1833 si·

340 1889 438 1950 lentio
465 1886 590 1951 veniam
621 1889 809 1968 poscebant,
843 1884 943 1950 donec
965 1885 1095 1950 Cerialis
1120 1889 1270 1951 mulceret
1295 1886 1365 1948 ani·
1462 1890 1463 1927 ³

341 2023 411 2065 mos
436 2003 500 2065 fato
522 2013 589 2066 acta
611 1998 754 2065 dictitans
781 2023 864 2085 quae
886 2002 1020 2064 militum
1045 2000 1223 2085 ducumque
1245 1998 1366 2062 discor-
1462 2010 1463 2013 ’

341 2113 395 2178 dia
416 2116 469 2180 sel
496 2112 608 2178 fraude
636 2114 776 2178 hostium
796 2116 981 2180 evenissent.
1023 2115 1162 2198 primum
1190 2115 1280 2177 illum
1308 2113 1366 2176 sti·

340 2227 530 2312 pendiorum
557 2243 590 2292 et
617 2231 803 2292 sacramenti
831 2229 912 2293 diem
943 2231 1108 2293 haberent.
1150 2227 1295 2311 priorum
1315 2228 1381 2289 far

339 2342 483 2407 cinoruns
502 2354 607 2425 neque
625 2344 848 2422 imperatorem
867 2363 971 2426 neque
990 2363 1024 2405 se
1043 2342 1229 2405 meminisse.
1271 2340 1364 2403 Tunc

340 2457 458 2541 recepti
484 2456 519 2518 in
549 2454 659 2519 eadem
686 2470 803 2533 castra,
835 2469 867 2520 et
891 2455 1025 2523 edictum
1044 2480 1103 2540 per
1121 2456 1297 2538 manipulos
1319 2475 1365 2517 ne
1462 2485 1463 2502 .

340 2573 411 2656 quis
431 2573 465 2635 in
486 2573 657 2634 certamine
681 2572 824 2653 iurgiove
851 2571 1036 2637 seditionem
1058 2586 1112 2636 aut
1135 2570 1254 2636 cladem
1274 2581 1364 2635 com·

337 2685 475 2750 militoni
499 2688 676 2764 objectaret.

256 2812 283 2876 4,
291 2813 326 2864 ta
423 2805 504 2866 Mox
526 2803 683 2867 Treveros
714 2823 750 2864 ac
770 2801 931 2882 Lingonas
959 2799 999 2862 ad
1027 2802 1211 2863 concionem
1233 2808 1364 2862 vocatos

338 2923 383 2984 ita
409 2919 599 3003 alloquitur:
631 2920 745 3001 ‘neque
774 2939 830 2998 ego
860 2938 1002 3001 unquam
1027 2916 1208 2980 'facundiam
1234 2915 1364 2979 exercui

339 3048 371 3099 et
397 3036 509 3116 populi
537 3033 664 3096 romani
690 3034 839 3095 virtutem
867 3033 963 3094 armis
994 3031 1158 3096 affirmavi.
1201 3030 1256 3096 sed
1284 3031 1361 3115 quia

340 3146 425 3230 apud
442 3168 498 3212 vos
517 3148 614 3212 verba
633 3144 807 3228 plurimum
827 3145 943 3227 valent,
965 3146 1113 3230 bonaque
1136 3169 1172 3209 ac
1191 3148 1273 3208 mala
1293 3165 1363 3208 non
1462 3179 1463 3184 κ

338 3277 396 3320 sua
416 3270 530 3320 natura
551 3253 606 3319 sed
627 3257 757 3321 vocibus
778 3251 998 3318 seditiosorum
1020 3255 1238 3334 aestimantur,
1266 3256 1363 3318 statui

337 3391 438 3450 pauca
463 3369 633 3448 disserere,
665 3387 747 3451 quae
774 3366 941 3448 profligato
969 3370 1055 3432 bello
1081 3368 1187 3430 utilius
1206 3367 1248 3430 sit
1267 3366 1362 3430 vobits

337 3478 462 3544 audisse
493 3501 589 3564 quam
615 3482 708 3542 nobis
739 3478 866 3543 dixisse.
917 3482 1049 3546 Terram
1075 3495 1211 3547 vestram
1241 3494 1364 3545 cetero-

337 3619 474 3682 rumque
506 3595 670 3659 Gallorum
700 3597 833 3676 ingressi
862 3609 937 3659 sunt
969 3596 1063 3661 duces
1093 3597 1363 3681 imperatoresque

336 3715 461 3776 romani
481 3713 569 3775 nulla
589 3710 754 3794 cupidine,
779 3712 836 3777 sed
858 3713 1030 3794 majoribus
1051 3714 1163 3778 vestris
1184 3713 1363 3777 invocanti-

336 3829 415 3904 bus,
445 3847 525 3909 quos
550 3823 725 3889 discordiae
752 3833 854 3910 nsque
884 3826 925 3890 sd
951 3827 1081 3890 exitium
1106 3827 1296 3908 fatigabantt
1329 3839 1363 3890 et

336 3941 428 4004 acciti
463 3941 582 4004 auxilio
617 3941 768 4004 Germani
804 3943 897 4006 sociis
929 3943 1050 4024 pariter
1082 3953 1178 4025 atque
1213 3939 1362 4004 hostibus

337 4055 516 4118 servitutem
545 4056 770 4137 imposuerant.
819 4070 898 4141 quot
929 4056 1058 4138 proeliis
1092 4055 1242 4121 adversus
1273 4053 1362 4117 Gim-
1462 4061 1463 4080 ³

337 4173 412 4232 bros
433 4167 675 4254 Trinacriusque,
703 4173 831 4254 quantis
852 4173 1046 4236 exercituum
1067 4187 1247 4238 nostrorum
1268 4171 1362 4234 labo·
1462 4193 1463 4202 ³
