2959 4875
336 431 379 498 tt
561 473 564 480 ·
679 433 741 500 EX
765 431 1021 502 ANNALIBUS

251 619 322 685 9,Ιῦ
422 607 537 672 Caesar
563 619 772 690 transgressus
792 610 954 691 Visurgim
980 607 1098 672 indicio
1127 610 1278 692 perfugae
1306 632 1366 675 co-

333 725 453 804 gnoscit
487 724 640 788 delectum
675 729 714 791 ab
744 726 886 789 Arminio
921 729 1027 790 locum
1056 746 1188 808 pugnae.
1244 749 1365 792 conve·

335 842 416 902 nisse
444 852 475 903 et
497 841 572 902 alias
594 841 736 903 nationes
756 840 791 900 in
813 840 924 904 silvam
946 839 1076 902 Herculi
1096 860 1234 919 sacram,
1263 862 1363 904 ausu-

333 975 450 1039 rosque
481 967 668 1019 nocturnam
701 967 876 1017 castrorum
907 956 1183 1037 oppugnationem.
1241 956 1362 1019 Habita

333 1068 429 1132 indici
449 1068 542 1147 fides,
573 1082 604 1133 et
626 1069 835 1131 cernebantur
855 1068 959 1149 ignes,
987 1069 1202 1152 suggressique
1224 1070 1359 1151 propius

332 1185 543 1265 speculatores
573 1183 676 1246 audiri
707 1184 867 1246 fremitum
901 1205 1057 1267 equorum
1084 1183 1291 1266 immensique
1327 1195 1359 1245 et
1462 1194 1463 1243 ἰ

330 1298 483 1362 inconditi
516 1299 645 1380 agminis
677 1321 821 1362 murmur
851 1301 993 1364 attulere.
1042 1299 1141 1380 Igitur
1173 1300 1356 1382 propinquo

330 1435 470 1478 summae
507 1417 554 1478 rei
586 1414 767 1478 discrimine
800 1411 1030 1497 explorandum
1063 1414 1197 1477 militum
1231 1415 1355 1478 animos

329 1544 434 1611 ratus,
465 1553 604 1615 quonam
627 1530 660 1595 id
685 1530 782 1594 modo
809 1532 1029 1612 incorruptum
1052 1531 1136 1592 loret
1162 1549 1268 1592 secum
1290 1530 1355 1609 agi·

329 1647 432 1710 tabat:
460 1645 605 1708 tribunos
628 1656 658 1707 et
683 1646 881 1708 centuriones
904 1646 987 1707 laeta
1008 1643 1131 1724 saepius
1152 1665 1247 1727 quam
1268 1663 1354 1704 com-

329 1771 418 1839 perta
439 1759 594 1834 nuntiare,
614 1760 803 1820 libertorum
823 1759 948 1821 servilia
968 1758 1102 1838 ingenia,
1125 1758 1230 1820 amicis
1250 1757 1354 1820 inesse

329 1871 552 1934 adulationem.
594 1872 622 1934 si
644 1871 753 1935 concio
775 1883 915 1948 vocetur,
936 1869 1001 1933 illic
1018 1892 1147 1955 quoque
1165 1893 1245 1956 quae
1259 1873 1354 1955 pauci

327 1983 478 2066 incipiant
498 1982 638 2068 reliquos
661 1983 857 2066 adstrepere:
882 1985 1008 2065 penitus
1028 1985 1201 2050 noscendas
1221 1999 1352 2067 mentes,

328 2121 427 2184 quum
456 2099 567 2162 secreti
591 2111 622 2161 et
649 2097 832 2162 incustoditi
861 2097 944 2162 inter
973 2098 1123 2163 militares
1151 2101 1238 2163 cibos
1262 2121 1351 2182 spem

328 2229 381 2278 aut
403 2228 521 2278 metum
542 2215 732 2296 proferrent.

242 2340 268 2402 t,
281 2341 312 2390 ts
410 2327 511 2392 Nocte
533 2341 642 2410 coepta
666 2348 807 2407 egressus
829 2327 971 2408 augurali
993 2348 1051 2410 per
1078 2331 1199 2392 occulta
1219 2341 1252 2392 et
1270 2330 1350 2411 vigi-

325 2442 408 2505 libus
432 2443 551 2523 ignara,
573 2445 684 2507 comite
701 2466 776 2522 uno,
799 2456 958 2508 contectus
973 2447 1124 2507 humeros
1141 2445 1244 2507 ferina
1256 2445 1349 2525 pelle,

326 2552 390 2617 adit
410 2568 582 2620 castrorum
600 2557 677 2635 vias,
701 2556 821 2621 adsistit
839 2559 1047 2621 tabernaculis
1066 2558 1244 2640 fruiturque
1265 2559 1349 2618 lama

324 2673 383 2750 sui,
405 2694 503 2756 quum
527 2673 578 2735 hic
600 2675 798 2736 nobilitatem
820 2672 917 2748 ducis,
943 2672 1087 2736 decorem
1109 2674 1198 2752 alius,
1220 2672 1348 2755 plurimi

323 2789 514 2870 patientiam,
537 2789 724 2865 comitatem,
752 2810 810 2869 per
833 2788 914 2852 seria
937 2808 995 2868 per
1015 2791 1102 2865 jocos
1125 2786 1258 2849 eundem
1279 2791 1348 2849 ani·

323 2925 409 2967 mum
438 2903 585 2967 laudibus
616 2906 736 2967 ferrent
766 2902 1022 2987 reddendamque
1054 2906 1185 2985 gratiam
1215 2905 1250 2966 in
1279 2906 1345 2967 acie

321 3020 511 3081 faterentur:
542 3021 635 3081 simul
658 3017 795 3101 perfidos
824 3032 856 3082 et
880 3032 1027 3100 ruptores
1057 3020 1142 3101 pacis
1172 3018 1286 3084 ultioni
1315 3032 1346 3081 et

321 3138 437 3219 gloriae
466 3133 657 3201 mactandos.
707 3138 794 3199 lnter
818 3157 899 3220 quse
928 3159 1012 3200 unus
1040 3138 1197 3215 hostium,
1226 3136 1343 3199 latinae
1416 3212 1422 3221 ,

320 3250 445 3329 linguae
470 3251 585 3325 sciens,
615 3262 683 3313 acto
709 3248 748 3311 ad
779 3253 897 3315 vallum
919 3270 1002 3333 equo
1029 3272 1107 3315 voce
1133 3273 1245 3332 magne
1267 3272 1343 3315 con·

321 3369 407 3444 juges
437 3376 468 3425 et
497 3366 587 3444 agros
617 3377 648 3425 et
676 3362 825 3444 stipendii
849 3365 883 3425 in
915 3363 999 3441 dies,
1034 3363 1134 3428 donec
1161 3366 1344 3443 bellaretur,

322 3479 481 3541 sestertios
503 3490 660 3555 centenos,
680 3480 706 3539 si
728 3480 800 3561 quis
817 3481 1043 3560 transfugisset,
1065 3479 1200 3543 Arminii
1215 3478 1344 3542 nomine

321 3595 499 3679 pollicetur.
541 3590 683 3656 Incendit
698 3614 735 3655 ea
750 3597 938 3658 contumelia
952 3598 1110 3677 legionum
1124 3598 1201 3662 iras:
1221 3594 1345 3661 veniret

322 3710 405 3788 dies,
437 3708 565 3771 daretur
585 3728 709 3789 pugna,
740 3720 938 3791 sumpturum
960 3710 1089 3772 militem
1112 3711 1343 3775 Germanorum

319 3846 419 3905 agros,
441 3838 614 3887 tracturum
634 3828 789 3904 conjuges,
810 3826 950 3909 accipere
969 3837 1071 3904 omen,
1091 3837 1123 3887 et
1141 3825 1343 3889 matrimonia

319 3960 354 3999 ac
385 3938 534 4019 pecunias
561 3939 698 4001 hostium
725 3939 861 4021 praedae
887 3938 1053 4001 destinare.
1105 3940 1214 4002 Tertia
1242 3939 1341 4001 ferme

318 4053 422 4132 vigilia
440 4055 623 4116 assultatum
644 4067 688 4117 est
708 4056 815 4115 castris
833 4053 900 4113 sine
920 4056 1061 4129 conjectu
1082 4053 1146 4129 teli,
1172 4066 1340 4136 postquam

318 4171 442 4233 crebras
455 4189 513 4250 pro
525 4167 725 4231 munimentis
738 4169 884 4231 cohortes
898 4180 929 4231 et
939 4167 1019 4231 nihil
1029 4170 1193 4233 remissum
1205 4190 1341 4234 sensere.
