2959 4875
316 429 354 497 u
711 421 946 492 annulum
1044 382 1050 390 ’

313 623 408 685 super
429 600 550 668 nobiles
573 599 760 666 ascendunts
789 601 872 684 apud
897 613 1015 667 ceteros
1036 601 1173 686 impares
1193 603 1340 668 libertini

312 717 464 781 libertatis
487 727 704 798 argumentum
726 728 810 778 eunt.

263 839 300 888 26
398 831 504 894 Fenus
521 830 635 910 agitare
654 843 685 892 et
703 830 736 891 iu
755 849 866 891 usuras
883 829 1051 891 extendere
1071 827 1222 908 ignotum,
1244 827 1339 892 ideo-

314 969 376 1032 que
402 949 498 1026 magis
528 957 673 1008 servatur
701 965 797 1026 quam
827 946 854 1006 ai
876 945 1006 1008 vetitum
1035 957 1124 1007 esset.
1172 945 1249 1024 Agri
1273 967 1338 1026 pro

312 1081 445 1124 numero
467 1063 623 1124 cultorum
641 1061 680 1121 ab
698 1058 852 1122 universis
870 1059 905 1118 iu
924 1059 1008 1121 vices
1027 1070 1230 1139 occupantur,
1253 1077 1337 1139 quos

311 1197 387 1240 mox
409 1179 491 1237 inter
515 1194 548 1234 se
572 1171 743 1235 secundum
765 1171 945 1251 dignitatem
964 1171 1155 1252 partiuntur.
1201 1170 1337 1232 facilita-

311 1302 375 1353 tem
396 1287 551 1372 partiendi
573 1309 756 1370 camporum
777 1289 876 1370 spatia
893 1300 1063 1369 praestant.
1103 1307 1178 1349 arva
1197 1306 1255 1367 per
1275 1307 1336 1347 an·

311 1423 370 1465 uos
391 1416 523 1479 mutant,
545 1416 575 1464 et
600 1415 743 1484 superest
762 1423 845 1482 ager.
888 1401 954 1464 Nec
984 1403 1068 1465 enim
1093 1425 1164 1465 cum
1188 1407 1335 1466 ubertate

312 1533 343 1582 et
363 1519 568 1602 amplitudine
591 1521 650 1583 soli
670 1523 779 1584 labore
801 1519 1011 1597 contendunt,
1038 1533 1074 1581 ut
1094 1520 1236 1601 pomaria
1256 1539 1335 1583 cou-

312 1649 418 1700 serant
446 1649 476 1698 et
503 1651 593 1718 prata
622 1651 767 1720 separent
793 1650 823 1699 et
850 1638 958 1699 hortos
983 1637 1102 1716 rigent:
1135 1637 1202 1698 sola
1229 1647 1335 1696 terrae

303 1771 397 1830 ¹seges
425 1750 606 1830 imperatur.
648 1749 742 1812 Unde
773 1772 892 1813 annum
920 1771 1048 1833 quoque
1073 1750 1178 1832 ipsum
1204 1773 1271 1813 non
1296 1753 1334 1814 in

311 1864 442 1927 totidem
465 1863 608 1944 digerunt
635 1865 764 1946 species.
805 1863 904 1925 hiems
927 1876 957 1926 et
978 1886 1035 1928 ver
1062 1877 1093 1927 et
1118 1878 1216 1927 aestas
1239 1866 1334 1926 intel-

310 1981 426 2042 lectum
457 2003 492 2044 ae
519 1983 673 2044 vocabula
701 1982 835 2044 habent:
869 1980 1029 2044 auctumni
1056 1979 1188 2063 perinde
1215 2002 1333 2044 nomen

311 2117 346 2158 ac
369 2099 453 2158 bona
473 2094 668 2175 ignorantur.

261 2208 297 2257 ²¹
395 2209 557 2273 Funerum
584 2211 671 2270 nulla
693 2208 832 2272 ambitio.
873 2207 907 2270 id
933 2209 1034 2272 solum
1062 2210 1267 2282 observatur,
1296 2218 1333 2269 ut

311 2343 446 2406 corpora
459 2327 615 2387 clarorum
629 2323 772 2387 virorarm
786 2323 877 2387 certis
890 2324 981 2402 lignis
995 2336 1180 2386 crementur.
1205 2323 1333 2384 Struem

309 2439 379 2517 rogi
407 2460 463 2501 nec
491 2440 629 2502 vestibus
657 2458 716 2501 nec
744 2436 895 2500 odoribus
926 2440 1103 2499 cumulant:
1133 2460 1190 2501 sua
1217 2440 1331 2521 cuique

311 2574 415 2630 arma,
446 2551 645 2636 quorundam
673 2552 738 2631 igni
766 2564 797 2612 et
819 2574 919 2635 equus
948 2549 1101 2629 adjicitur.
1144 2552 1332 2633 Sepulcrum

311 2686 434 2747 caespes
472 2665 579 2746 erigit3
618 2680 896 2728 monumentorum
929 2666 1063 2729 arduum
1096 2681 1127 2730 et
1160 2688 1332 2747 operosum

309 2781 464 2842 honorem
486 2793 522 2841 ut
541 2802 666 2860 gravem
687 2781 841 2845 defunctis
862 2797 1080 2864 aspernantur.
1120 2782 1275 2845 Lamenta
1295 2806 1332 2845 ac

309 2894 451 2956 lacrimas
474 2894 554 2971 cito,
582 2893 723 2956 dolorem
749 2907 777 2955 et
802 2895 961 2956 tristitiam
981 2895 1070 2957 tarde
1091 2909 1226 2978 ponunt.
1270 2896 1332 2957 Fe-

309 3008 403 3070 minis
423 3009 530 3087 lugere
551 3010 717 3069 honestum
740 3022 801 3085 est,
824 3009 901 3073 viris
922 3011 1111 3073 meminisse.

392 3123 478 3185 Haec
500 3123 717 3185 incommune
740 3120 779 3183 de
800 3124 941 3187 omnium
958 3124 1189 3187 Germanorum
1209 3122 1330 3201 origine

310 3259 346 3298 ac
367 3240 508 3299 moribus
527 3238 711 3319 accepimus.
753 3237 847 3301 Nunc
868 3239 1060 3318 singularum
1080 3238 1220 3317 gentium
1240 3236 1333 3297 insti-

308 3364 376 3413 tuta
396 3352 554 3434 ritusque,
579 3365 732 3435 quatenus
754 3352 916 3432 differant,
939 3374 1020 3434 quae
1041 3354 1184 3415 nationes
1211 3372 1228 3411 e
1250 3350 1333 3413 Ger·

309 3464 414 3526 anania
431 3464 466 3523 in
487 3462 604 3525 Gallias
623 3465 910 3544 commigraverint,
931 3465 1109 3547 expediam.

260 3581 298 3631 2⁸
393 3578 571 3644 Validiores
593 3582 669 3644 olim
689 3580 852 3643 Gallorum
872 3602 924 3643 res
944 3584 1041 3645 fuisse
1060 3604 1201 3647 summus
1221 3598 1333 3645 atarto·

309 3718 381 3761 rum
405 3696 496 3761 divus
516 3697 617 3773 dellius
640 3694 750 3772 tradit,
779 3718 880 3779 eoque
903 3698 1051 3760 credibile
1072 3712 1119 3759 est
1138 3699 1231 3760 etiam
1255 3698 1333 3758 Gal·

309 3813 357 3873 los
375 3814 412 3873 in
426 3812 625 3876 Germaniam
646 3824 866 3893 transgressos.
909 3812 1102 3889 Quantulum
1124 3814 1210 3875 enim
1229 3816 1333 3877 amnis

310 3927 469 4007 obstabat,
501 3930 688 4011 quominus,
715 3944 752 3992 ut
771 3950 916 4013 quaeque
935 3950 1011 4008 gens
1033 3930 1209 4007 evalamrat,
1237 3949 1332 3993 occu·

309 4054 400 4123 paret
428 4056 682 4127 permutaretque
712 4042 800 4105 sedes
828 4042 1022 4123 promiscuas
1049 4040 1153 4103 adbuc
1182 4056 1214 4104 et
1242 4045 1333 4104 ntdla

308 4174 478 4233 regnorum
498 4160 639 4239 potentia
660 4152 798 4223 divisas?
837 4156 939 4235 Igitur
962 4157 1046 4218 inter
1071 4158 1253 4238 hercyniam
1275 4160 1333 4219 sil·
