2959 4875
340 439 383 506 36
680 433 744 502 EX
765 432 1020 502 ANNsttutts

340 611 482 688 demum,
514 607 589 693 quia
618 629 675 692 per
705 627 821 691 corpus
844 609 938 688 legati
967 604 1106 670 eundum
1137 618 1223 685 erat,
1253 607 1370 672 clausit
1465 692 1467 719 Ι

339 728 441 792 uiam:
463 725 555 808 simul
576 723 696 789 tribuni
718 735 749 786 et
771 723 971 786 centuriones
990 719 1103 786 tatsum
1125 741 1276 805 pauorem
1296 745 1369 788 esse
1465 722 1467 763 ²

341 838 526 904 docuerunt.
565 887 569 896 .

255 983 324 1044 qm
426 955 517 1016 Tunc
546 964 721 1016 contractos
749 952 783 1014 in
812 952 967 1036 principia
992 957 1156 1036 iussosque
1185 953 1265 1017 dicta
1293 977 1368 1018 cum

338 1067 462 1134 silentio
491 1067 630 1154 accipere
657 1063 809 1147 temporis
835 1087 871 1129 ac
896 1063 1087 1127 necessitatis
1107 1077 1225 1130 monet.
1267 1089 1367 1129 unam

338 1185 372 1246 in
394 1183 487 1246 armis
511 1183 658 1257 salutem,
687 1179 743 1243 sed
765 1201 802 1243 ea
823 1179 955 1244 consilio
981 1178 1201 1261 temperanda,
1233 1202 1366 1244 manen·

339 1296 477 1380 dumque
496 1295 580 1356 intra
599 1295 726 1373 vallum,
749 1291 849 1356 donec
870 1292 1072 1377 expugnandi
1088 1295 1194 1358 hostes
1213 1316 1269 1378 spe
1287 1319 1366 1379 pro·

337 1412 408 1496 pius
431 1406 649 1474 succederent:
677 1407 754 1472 mox
775 1407 916 1494 undique
938 1408 1184 1492 erumpendum,
1211 1413 1266 1474 illa
1289 1433 1366 1475 eru-

338 1529 446 1612 ptione
473 1527 512 1592 ad
534 1528 681 1592 Rhenum
703 1528 873 1609 perveniri.
925 1525 1039 1610 quodsi
1066 1528 1227 1609 fugerent,
1255 1533 1366 1612 plures

338 1645 448 1726 silvas,
476 1641 651 1726 profundas
673 1643 770 1722 magis
791 1640 939 1724 paludes,
969 1641 1130 1718 :aesinam
1150 1644 1289 1708 hostium
1309 1667 1367 1710 sn-

337 1779 476 1841 peresse,
499 1769 531 1820 at
551 1757 722 1822 victoribus
745 1755 856 1837 decus,
883 1757 1026 1838 gloriam.
1069 1779 1150 1842 quae
1174 1757 1260 1822 domi
1281 1782 1366 1842 cara,

338 1893 419 1956 quae
443 1872 478 1932 in
505 1871 614 1936 ¹catatris
639 1873 774 1936 honesta
794 1883 965 1949 memorat,
987 1872 1122 1936 reticuit
1149 1871 1188 1936 de
1215 1872 1369 1940 adversis.

337 1989 445 2072 Equos
470 1985 600 2063 dehinc,
632 2006 722 2050 orsus
752 1985 874 2063 asuis,
904 1987 1078 2066 legatorum
1099 1987 1366 2072 tribunorumque

337 2105 425 2167 nulla
447 2102 618 2168 ambitione
639 2102 811 2166 fortissimo
834 2101 948 2185 cuique
970 2101 1115 2167 bellatori
1137 2101 1241 2183 tradit,
1263 2114 1300 2165 ut
1319 2101 1365 2180 hi,

337 2239 412 2282 mox
434 2217 539 2300 pedes,
559 2218 594 2278 in
615 2197 737 2279 hostem
757 2213 954 2280 invaderent.

256 2359 325 2421 ψῃ
402 2351 405 2356 ·
422 2331 518 2394 Haud
538 2331 641 2392 minus
662 2330 787 2413 inquies
807 2330 983 2393 Germanus
1004 2350 1075 2412 spe,
1097 2327 1244 2412 cupidine
1265 2340 1297 2392 et
1316 2327 1366 2392 di·
1465 2352 1466 2361 ¹

337 2448 436 2508 versis
459 2443 574 2507 ducum
597 2444 758 2507 sententiis
778 2448 902 2525 agebat,
934 2444 1078 2508 Arminio
1098 2445 1239 2509 sinerent
1258 2443 1366 2525 egredi

338 2577 539 2641 egressosque
561 2578 688 2621 rursum
711 2578 772 2642 per
793 2558 924 2626 humida
953 2571 985 2623 et
1011 2558 1162 2643 impedita
1191 2560 1365 2625 circumve·
1465 2573 1466 2582 ¹

336 2668 442 2734 nirent
463 2670 627 2750 suadente,
655 2674 812 2737 atrociora
832 2665 1033 2753 Inguiomero
1056 2686 1088 2736 et
1106 2676 1190 2737 laeta
1209 2673 1365 2751 barbaris,

337 2798 372 2849 ut
399 2786 517 2852 vallum
545 2786 640 2848 armis
671 2788 844 2857 ambirent:
876 2798 1055 2869 promptam
1086 2788 1364 2870 expugnationem,

336 2902 441 2981 plures
463 2900 619 2983 captivos,
644 2898 861 2981 incorruptam
882 2896 1031 2980 praedam
1052 2901 1133 2963 fore.
1175 2898 1273 2979 Igitur
1291 2912 1365 2961 orta

337 3008 387 3072 dic
409 3025 569 3093 proruunt
592 3013 707 3089 fossas,
729 3013 874 3092 injiciunt
897 3026 1013 3092 crates,
1032 3035 1153 3078 summa
1171 3014 1245 3079 valli
1266 3036 1364 3097 pren·

336 3136 423 3202 sant,
460 3144 534 3187 raro
564 3144 659 3207 super
696 3126 794 3189 milite
830 3139 860 3190 et
890 3128 981 3211 quasi
1010 3130 1052 3190 ob
1091 3140 1209 3192 meum:
1245 3126 1363 3191 defixo.

335 3236 506 3321 Postquam
531 3242 660 3304 haesere
679 3243 892 3320 munimentis,
914 3240 1008 3305 datur
1027 3245 1209 3307 cohortibus
1229 3246 1363 3324 signum,

337 3368 519 3431 cornuaque
547 3374 582 3413 ac
611 3355 705 3416 tubae
728 3352 926 3417 concinuere.
972 3355 1047 3419 exin
1078 3359 1213 3421 clamore
1242 3368 1274 3419 et
1300 3356 1364 3419 im-

336 3474 413 3543 petu
434 3464 527 3545 tergis
549 3463 782 3528 Germanorum
804 3465 1110 3550 circumfunduntur,
1132 3472 1362 3554 exprobrantes

336 3595 404 3637 non
423 3576 472 3639 hic
495 3576 587 3640 silvas
607 3596 664 3641 nec
681 3577 822 3659 paludes,
844 3580 899 3646 sed
917 3585 1025 3668 aequis
1043 3586 1120 3649 locis
1136 3605 1255 3671 aequos
1273 3584 1363 3649 deos.

335 3690 429 3755 Hosti
450 3690 540 3757 facilc
566 3692 722 3757 excidium
751 3708 781 3757 et
806 3717 924 3779 paucos
952 3720 987 3760 ac
1016 3720 1185 3762 semermos
1215 3699 1365 3779 cogitanti

338 3826 433 3869 sottus
456 3810 619 3885 tubarum,
650 3809 756 3888 fulgor
779 3832 955 3890 armorum,
982 3826 1100 3895 quanto
1120 3815 1252 3897 inopina
1271 3827 1363 3877 tanto

337 3926 454 3998 nrajora
489 3914 716 3988 offunduntur:
753 3922 985 4009 cadebantque,
1020 3940 1058 3988 ut
1086 3930 1182 3990 rebus
1214 3926 1362 3991 secundis

337 4030 438 4110 avidi,
471 4038 513 4098 ita
543 4036 682 4101 adversis
713 4038 840 4105 incauti.
882 4041 1042 4103 Arminius
1063 4043 1200 4122 integer,
1230 4042 1362 4123 Inguio-

337 4164 439 4207 merus
474 4161 545 4226 post
577 4172 669 4227 graue
703 4155 817 4217 vulntts
850 4175 987 4235 pugnam
1021 4156 1207 4223 deseruere:
1246 4160 1360 4239 tetigus
