2959 4875
542 409 777 482 unanima
1131 392 1170 482 u

148 583 301 646 nudatam
332 605 438 647 coram
468 587 656 669 propinquis
687 589 817 669 expellit
848 586 943 652 domo
975 588 1106 652 maritus
1137 611 1173 650 ac

148 721 207 780 per
230 721 357 762 omnem
379 703 483 764 vicum
504 705 636 764 verbere
659 706 729 783 agit.
778 706 955 784 publicatae
977 705 1060 767 enim
1080 703 1174 784 pudi-

150 818 241 876 citiae
264 817 352 878 nulla
373 815 484 894 venia3
512 836 578 877 non
601 818 719 895 forma,
743 839 809 879 non
832 831 948 894 aetate,
971 838 1039 880 non
1060 818 1175 898 opibus

149 933 298 994 maritum
330 931 498 994 invenerit.
545 931 647 993 Nemo
680 933 766 994 enim
793 933 856 994 illic
884 934 959 995 vitia
986 931 1085 1010 ridet‘,
1117 955 1176 997 nec

149 1065 353 1126 corrumpere
376 1057 407 1106 et
426 1045 587 1126 corrumpi
609 1049 768 1108 sacculum
786 1060 927 1110 vocatur.
967 1047 1084 1109 Melius
1106 1050 1177 1131 qui·

149 1159 221 1222 dem
244 1159 348 1222 adhuc
371 1181 425 1220 eae
450 1160 598 1237 civitates,
619 1162 652 1222 in
675 1163 789 1244 quibus
810 1176 932 1224 tantum
954 1163 1090 1240 virgines
1114 1184 1175 1224 nu·

150 1276 241 1350 bunt,
264 1285 296 1334 et
321 1294 391 1334 cum
414 1295 468 1354 spe
490 1285 629 1356 votoque
650 1279 759 1337 uxoris
779 1277 877 1337 semel
894 1277 1084 1356 transigitur.
1123 1275 1175 1337 Sic

151 1411 251 1452 unum
269 1389 425 1470 accipiunt
445 1389 593 1451 maritum
614 1412 678 1472 quo
697 1389 793 1453 modo
813 1413 911 1452 unum
932 1412 1046 1472 corpus
1064 1413 1175 1452 unam-

150 1507 342 1585 quesitam,
365 1523 404 1564 ne
429 1503 493 1566 ulla
518 1504 661 1582 cogitatio
685 1505 777 1581 ultra,
805 1525 846 1565 ne
866 1508 991 1584 longior
1012 1505 1174 1584 cupiditas,

151 1639 192 1680 ne
211 1631 361 1702 tanquam
379 1617 533 1693 maritum,
557 1615 610 1678 sed
633 1631 783 1698 tanquam
805 1618 1039 1679 matrimonium
1061 1630 1176 1680 ament.

149 1731 329 1794 Numerum
357 1733 532 1793 liberorum
559 1727 651 1790 finire
682 1742 737 1790 aut
771 1750 951 1814 quenquam
984 1751 1024 1790 ex
1058 1732 1175 1810 agnatis

151 1868 267 1910 necare
288 1846 439 1924 flagitium
461 1847 610 1925 hebetum
635 1845 768 1929 plusque
789 1848 837 1908 ibi
855 1847 933 1908 boni
950 1867 1053 1910 mores
1068 1847 1176 1912 valent

151 1982 254 2042 quam
275 1962 350 2020 alibi
372 1963 472 2021 bonae
493 1963 585 2039 teges.

237 2077 278 2136 ln
300 2076 384 2136 omui
403 2075 497 2138 domo
519 2073 599 2136 nudi
616 2097 651 2138 ac
669 2072 788 2138 sordidi
806 2075 841 2134 in
855 2075 914 2134 hos
932 2086 1028 2149 artus,
1048 2073 1225 2139 inhaereo

152 2209 298 2270 corpora,
321 2213 401 2272 quoe
424 2193 584 2271 miramur,
607 2203 801 2253 excrescunt.
845 2187 910 2249 Sua
931 2207 1088 2271 quemque
1110 2208 1176 2248 ma·

151 2317 200 2364 ter
221 2306 375 2367 uberibus
397 2310 466 2382 alit,
495 2330 552 2370 nec
583 2309 701 2369 ancillis
729 2328 764 2369 ac
786 2305 960 2366 nutricibus
985 2303 1177 2382 delegantur.

153 2419 317 2483 dominum
339 2442 374 2482 ac
395 2411 633 2483 servum'nullis
653 2418 846 2481 educationis
866 2417 982 2481 deliciis
1002 2417 1175 2499 dignoscam

151 2537 236 2597 inter
254 2535 361 2597 eadem
374 2546 505 2617 pecora,
524 2536 558 2597 in
581 2536 689 2598 eadem
709 2537 806 2598 humo
827 2534 951 2615 degunt,
974 2533 1073 2597 donec
1095 2545 1178 2593 aetas

154 2662 278 2733 separet
299 2654 462 2732 ingenuos,
483 2656 584 2715 virtus
609 2663 767 2731 agnoscat.
810 2648 888 2711 Sera
908 2655 1059 2729 iuvenum
1079 2668 1178 2731 venus

156 2791 256 2855 eoque
284 2770 472 2832 inexhausta
499 2772 659 2850 pubertas.
700 2766 769 2829 Nec
800 2768 937 2847 virgines
969 2766 1178 2841 festinantur3

156 2886 264 2949 eadem
284 2894 430 2965 juventa,
452 2886 561 2947 similis
580 2886 769 2967 proceritas:
801 2906 892 2966 pares
912 2882 1099 2965 ualidaeque
1119 2880 1179 2941 mi-

157 3014 302 3077 scentur,
330 3022 365 3061 ac
386 3003 506 3063 robora
528 3013 695 3081 parentum
716 3000 810 3062 liberi
830 3000 982 3061 referunt.
1025 2997 1179 3061 Sororum

157 3114 227 3177 liliis
245 3114 330 3177 idem
350 3114 434 3196 apud
455 3118 655 3193 avunculum,
677 3116 732 3197 qui
751 3114 789 3175 ad
806 3127 926 3195 patrem
943 3115 1059 3173 honor.
1101 3108 1180 3183 Qui·

158 3226 228 3288 dem
245 3228 434 3291 sanctiorem
456 3232 685 3313 arctioremque
707 3232 792 3290 hunc
810 3249 928 3289 nexum
948 3224 1107 3304 sanguinis
1129 3245 1180 3285 or-

156 3342 315 3432 bitrantur
336 3356 366 3406 et
387 3345 422 3407 in
443 3344 629 3428 accipiendis
650 3344 812 3409 obsidibus
832 3344 928 3423 magis
950 3342 1089 3422 exigunt,
1110 3353 1180 3402 tsn-

158 3478 251 3538 quam
273 3468 304 3518 et
323 3457 464 3521 animum
480 3459 601 3521 firmius
624 3471 654 3520 et
675 3456 805 3521 domum
823 3458 917 3518 latius
936 3466 1073 3518 teneant.
1114 3452 1180 3513 He·

156 3571 247 3633 redes
268 3584 375 3633 tamen
396 3594 652 3655 successoresque
677 3572 726 3635 sui
748 3572 861 3653 cuique
883 3570 985 3646 liberi,
1008 3581 1039 3629 et
1057 3566 1180 3626 nullum

156 3696 386 3749 testamentum.
428 3686 463 3749 si
489 3688 583 3749 liberi
611 3709 677 3751 non
705 3698 796 3763 sunt,
825 3685 989 3766 proximus
1011 3677 1125 3759 gradus
1146 3680 1181 3738 in

156 3802 354 3880 possessione
376 3804 498 3881 fratres,
522 3807 637 3886 patrui,
662 3803 820 3867 avunculi.
864 3799 990 3875 Quanto
1011 3799 1083 3877 plus
1104 3815 1181 3877 pro·

156 3918 366 3997 pinquorum‚
394 3939 459 4000 quo
483 3925 585 3997 major
608 3918 750 3980 affinium
770 3935 934 3990 numerus,
956 3925 1042 3975 tanto
1064 3912 1182 3993 gratio·

157 4031 224 4093 sior
244 4044 405 4111 senectus;
427 4056 485 4096 noc
509 4037 572 4097 ulla
595 4034 737 4097 orbitatis
760 4031 870 4113 pretia.

244 4144 408 4229 Suscipere
431 4162 493 4212 tam
514 4150 691 4213 inimicitias
717 4145 899 4229 sosipatris
927 4164 981 4207 seu
1007 4138 1227 4223 propinquis!
