2959 4875
471 465 533 533 EX
557 460 811 532 ANNALIBUS
1105 455 1149 524 43

209 643 286 708 Nox
308 638 417 704 eadem
438 641 552 703 laetam
574 636 763 702 Germanico
786 634 922 720 quietem
944 633 1033 713 tulit,
1056 630 1149 698 vidit·
1163 634 1236 699 ²,ss

22 771 23 818 f
127 781 189 844 que
222 781 257 824 se
287 771 452 841 operatum
481 770 512 820 et
535 753 790 837 sanguine'sacri
818 773 961 835 respersa
991 761 1153 833 praetexta

127 875 343 957 pulchriorem
377 873 471 933 aliam
503 871 649 934 manibus
678 867 768 931 aviae
799 866 958 946 Augustae
990 863 1154 944 accepisse.

127 989 248 1051 Auctus
270 988 393 1062 omine,
425 983 641 1048 addicentibus
664 982 827 1066 auspiciis,
858 994 950 1045 vocat
972 979 1154 1042 concionem

128 1115 159 1165 et
189 1123 273 1185 quae
301 1101 453 1182 sapientia
483 1100 628 1184 praevisa
657 1111 793 1182 aptaque
825 1096 1002 1158 imminenti
1031 1113 1155 1175 pugnae

130 1215 265 1280 disserit.
306 1217 381 1280 Non
403 1237 529 1298 campos
551 1216 645 1279 modo
666 1216 758 1277 militi
780 1234 913 1277 romano
937 1210 976 1274 ad
998 1209 1155 1293 proelium

130 1333 242 1409 bonos,
266 1330 323 1392 sed
344 1330 370 1392 si
390 1330 471 1392 ratio
493 1327 574 1392 adsit
594 1329 686 1393 silvae
709 1339 740 1390 et
763 1329 868 1392 saltus.
909 1347 968 1388 nec
992 1324 1074 1386 enim
1096 1323 1155 1383 im-

132 1464 241 1506 mensa
261 1445 469 1507 barbarorum
491 1455 577 1507 scuta
587 1489 597 1522 ‚
627 1462 771 1504 enormes
798 1443 902 1503 hastas
923 1440 1008 1502 inter
1027 1451 1156 1500 truncos

132 1560 282 1620 arborum
306 1569 338 1618 et
361 1571 451 1621 enata
477 1558 575 1621 humo
603 1558 740 1638 virgulta
769 1555 901 1638 perinde
922 1553 1034 1616 haberi
1062 1573 1158 1635 quam

132 1675 198 1755 pila
218 1686 250 1736 et
270 1673 388 1754 gladios
412 1686 442 1736 et
462 1674 625 1736 haerentia
647 1674 775 1756 corpori
796 1670 941 1753 tegmina.
991 1668 1159 1730 denserent

133 1789 232 1866 ictus,
265 1807 322 1850 ora
349 1788 553 1851 mucronibus
586 1797 792 1871 quaererent:
825 1805 891 1848 non
918 1783 1049 1846 loricam
1079 1780 1159 1842 Ger-

134 1921 247 1977 mano,
268 1921 333 1963 nou
354 1902 487 1981 galeam,
513 1921 553 1962 ue
579 1911 665 1963 scuta
688 1900 816 1983 quidem
836 1899 923 1961 ferro
944 1914 1083 1960 nervove
1104 1891 1159 1955 fir·

136 2028 240 2094 mata,
271 2013 326 2078 sed
348 2016 497 2080 viminum
519 2027 623 2080 textus
644 2017 696 2079 vel
715 2029 826 2077 tenues
845 2016 966 2076 fucatas
986 2013 1092 2074 colore
1112 2024 1159 2072 ta-

136 2134 246 2196 bulas:
279 2130 412 2213 primam
432 2144 594 2213 utcunque
617 2128 715 2193 aciem
737 2131 910 2201 hastatum,
938 2124 1048 2188 ceteris
1069 2144 1160 2206 prae·

138 2258 208 2308 usta
239 2257 294 2308 aut
321 2247 430 2310 brevia
458 2248 530 2310 tela.
579 2251 642 2325 jam
668 2265 785 2328 corpus
813 2255 852 2306 ut
878 2242 949 2309 visu
977 2254 1105 2306 torvum
1131 2251 1161 2302 et

139 2361 178 2424 ad
206 2365 335 2427 brevem
364 2363 518 2445 impetum
539 2361 697 2443 validum,
729 2363 772 2426 sic
796 2362 885 2424 nulla
910 2360 1080 2423 vulnerum
1105 2378 1162 2439 pa-

140 2479 265 2543 tientia:
304 2480 372 2542 sine
403 2479 526 2561 pudore
554 2480 678 2561 flagitii,
710 2482 778 2542 sine
810 2500 885 2541 cura
918 2476 1033 2539 ducum
1066 2476 1163 2552 abire,

142 2594 264 2671 sugere:
286 2591 418 2673 pavidos
439 2590 589 2671 adversis,
613 2592 697 2654 inter
718 2590 857 2654 secunda
881 2611 945 2652 uon
967 2588 1076 2664 divini,
1097 2607 1163 2649 nou

142 2706 269 2768 humani
289 2706 367 2783 juris
387 2726 552 2771 memores.
596 2708 622 2769 si
642 2706 746 2769 taedio
767 2706 891 2769 viarum
912 2728 947 2767 ac
962 2705 1057 2765 marie
1070 2702 1165 2763 finem

142 2821 286 2903 cupiant,
313 2822 372 2883 hac
394 2822 459 2882 acie
486 2821 609 2901 pararit
641 2820 825 2903 propiorem
854 2824 917 2898 jam
941 2818 1048 2880 Albim
1070 2836 1165 2899 quam
1240 2856 1244 2863 -

142 2936 298 3012 Rhenum,
319 2954 422 3016 neque
446 2935 564 2996 bellum
589 2936 682 3012 ultra,
705 2932 801 2997 modo
824 2954 857 2996 se
878 2934 976 3014 patris
997 2930 1166 3015 patruique

143 3048 271 3128 vestigia
296 3060 491 3128 prementem
519 3046 630 3110 iisdem
659 3049 695 3109 in
717 3047 810 3110 terris
832 3047 984 3111 victorem
1012 3046 1165 3109 sisterent.

229 3157 414 3224 Orationem
440 3159 528 3223 ducis
552 3173 676 3223 secutus
705 3161 840 3222 militurn
864 3158 959 3222 ardor
981 3158 1166 3240 signumque
1179 3163 1251 3227 215

143 3296 267 3357 pugnae
296 3274 414 3339 datum.
464 3274 531 3337 Nec
553 3275 714 3337 Arminius
737 3287 792 3336 aut
821 3277 920 3337 ceteri·
937 3272 1168 3334 Germanorum

143 3410 291 3471 proceres
312 3390 498 3452 omittebant
521 3409 595 3451 suos
618 3389 753 3474 quisque
774 3388 901 3451 testari:
935 3390 994 3452 hos
1016 3406 1082 3448 esse
1104 3384 1170 3447 Ro-

144 3526 255 3569 manos
286 3507 409 3569 veriani
440 3505 595 3567 exercitus
628 3505 860 3585 fugacissimos,
897 3504 953 3588 qui
982 3524 1022 3563 ne
1052 3501 1171 3563 bellum

145 3622 318 3682 tolerarent
349 3618 534 3683 seditionem
565 3620 743 3698 induerint,
784 3638 921 3703 quorum
950 3637 1024 3699 pars
1057 3624 1172 3675 onusta

145 3734 331 3797 vulneribus
361 3746 497 3815 tergum,
529 3756 603 3816 pars
634 3734 782 3797 fluctibus
814 3747 845 3797 et
878 3731 1023 3814 procellis
1054 3728 1172 3789 fractos

147 3860 234 3910 artus
262 3848 393 3909 infensis
421 3870 551 3913 rursum
573 3850 736 3926 hostibus,
769 3847 908 3909 adversis
929 3843 990 3905 diis
1014 3841 1173 3921 objiciant,

148 3965 238 4024 nulla
258 3963 336 4025 boni
364 3982 431 4043 spe.
474 3966 601 4027 classem
633 3966 752 4046 quippe
786 3976 818 4025 et
846 3962 917 4025 avia
944 3960 1054 4024 oceani
1076 3978 1173 4042 quae·

147 4079 224 4156 sita,
254 4098 293 4139 ne
324 4081 395 4161 quis
416 4080 615 4145 venientibus
637 4091 831 4157 occurreret,
860 4100 900 4139 ne
921 4077 1029 4159 pulsos
1050 4094 1174 4156 preme-

148 4205 214 4254 ret:
249 4190 303 4254 sed
331 4194 387 4256 ubi
412 4193 593 4259 miscuerint
620 4216 749 4273 manus,
781 4194 876 4257 inane
899 4191 987 4256 victis
1007 4201 1174 4253 ventorum
