<?xml version="1.0" encoding="UTF-8"?>
<!DOCTYPE html PUBLIC "-//W3C//DTD XHTML 1.0 Transitional//EN"
    "http://www.w3.org/TR/xhtml1/DTD/xhtml1-transitional.dtd">
<html xmlns="http://www.w3.org/1999/xhtml" xml:lang="en" lang="en">
 <head>
  <title>
</title>
<meta http-equiv="Content-Type" content="text/html;charset=utf-8" />
  <meta name='ocr-system' content='tesseract 3.04.00' />
  <meta name='ocr-capabilities' content='ocr_page ocr_carea ocr_par ocr_line ocrx_word'/>
</head>
<body>
  <div class='ocr_page' id='page_1' title='image "./tacitigermania00grimgoog_0123.png"; bbox 0 0 2959 4875; ppageno 0'>
   <div class='ocr_carea' id='block_1_1' title="bbox 485 402 1162 479">
    <p class='ocr_par' dir='ltr' id='par_1_1' title="bbox 485 402 1162 479">
     <span class='ocr_line' id='line_1_1' title="bbox 485 402 1162 479; baseline 0.009 -6"><span class='ocrx_word' id='word_1_1' title='bbox 485 402 550 473; x_wconf 70' lang='lat' dir='ltr'><strong>nx</strong></span> <span class='ocrx_word' id='word_1_2' title='bbox 575 404 812 475; x_wconf 72' lang='lat' dir='ltr'>HISTORIIS</span> <span class='ocrx_word' id='word_1_3' title='bbox 1099 411 1162 479; x_wconf 82' lang='lat'><strong>115</strong></span> 
     </span>
    </p>
   </div>
   <div class='ocr_carea' id='block_1_2' title="bbox 108 578 1223 4196">
    <p class='ocr_par' dir='ltr' id='par_1_2' title="bbox 118 578 1159 2827">
     <span class='ocr_line' id='line_1_2' title="bbox 127 578 1159 663; baseline 0.004 -22"><span class='ocrx_word' id='word_1_4' title='bbox 127 580 201 643; x_wconf 85' lang='lat' dir='ltr'><strong>dux</strong></span> <span class='ocrx_word' id='word_1_5' title='bbox 224 578 284 642; x_wconf 89' lang='lat' dir='ltr'><strong>sibi</strong></span> <span class='ocrx_word' id='word_1_6' title='bbox 305 578 443 641; x_wconf 87' lang='lat' dir='ltr'><strong>delectos</strong></span> <span class='ocrx_word' id='word_1_7' title='bbox 463 579 636 643; x_wconf 85' lang='lat' dir='ltr'><strong>retinuerat</strong></span> <span class='ocrx_word' id='word_1_8' title='bbox 657 580 698 642; x_wconf 87' lang='lat' dir='ltr'><strong>ad</strong></span> <span class='ocrx_word' id='word_1_9' title='bbox 720 581 900 663; x_wconf 83' lang='lat' dir='ltr'><strong>improvisa.</strong></span> <span class='ocrx_word' id='word_1_10' title='bbox 945 582 1050 647; x_wconf 86' lang='lat' dir='ltr'><strong>Civilis</strong></span> <span class='ocrx_word' id='word_1_11' title='bbox 1074 585 1159 647; x_wconf 88' lang='lat' dir='ltr'><strong>haud</strong></span> 
     </span>
     <span class='ocr_line' id='line_1_3' title="bbox 126 686 1158 781; baseline 0.002 -23"><span class='ocrx_word' id='word_1_12' title='bbox 126 706 280 777; x_wconf 87' lang='lat' dir='ltr'><strong>porrecto</strong></span> <span class='ocrx_word' id='word_1_13' title='bbox 303 686 425 773; x_wconf 83' lang='lat' dir='ltr'><strong>agmine</strong></span> <span class='ocrx_word' id='word_1_14' title='bbox 448 691 502 754; x_wconf 91' lang='lat' dir='ltr'><strong>sed</strong></span> <span class='ocrx_word' id='word_1_15' title='bbox 525 696 631 757; x_wconf 80' lang='lat' dir='ltr'><strong>cunels</strong></span> <span class='ocrx_word' id='word_1_16' title='bbox 652 694 778 758; x_wconf 76' lang='lat' dir='ltr'><strong>adstitit.</strong></span> <span class='ocrx_word' id='word_1_17' title='bbox 825 698 934 760; x_wconf 85' lang='lat' dir='ltr'><strong>Batavi</strong></span> <span class='ocrx_word' id='word_1_18' title='bbox 957 701 1158 781; x_wconf 83' lang='lat' dir='ltr'><strong>Gugernique</strong></span> 
     </span>
     <span class='ocr_line' id='line_1_4' title="bbox 127 808 1158 892; baseline 0.002 -21"><span class='ocrx_word' id='word_1_19' title='bbox 127 813 168 871; x_wconf 88' lang='lat' dir='ltr'><strong>in</strong></span> <span class='ocrx_word' id='word_1_20' title='bbox 193 808 325 885; x_wconf 80' lang='lat' dir='ltr'><strong>dextro,</strong></span> <span class='ocrx_word' id='word_1_21' title='bbox 352 811 441 871; x_wconf 86' lang='lat' dir='ltr'><strong>laeva</strong></span> <span class='ocrx_word' id='word_1_22' title='bbox 463 830 498 871; x_wconf 86' lang='lat' dir='ltr'><strong>ac</strong></span> <span class='ocrx_word' id='word_1_23' title='bbox 517 812 670 892; x_wconf 87' lang='lat' dir='ltr'><strong>propiora</strong></span> <span class='ocrx_word' id='word_1_24' title='bbox 696 808 834 873; x_wconf 87' lang='lat' dir='ltr'><strong>fluminis</strong></span> <span class='ocrx_word' id='word_1_25' title='bbox 858 812 1091 873; x_wconf 81' lang='lat' dir='ltr'>Transrhenani</span> <span class='ocrx_word' id='word_1_26' title='bbox 1113 824 1158 873; x_wconf 89' lang='lat' dir='ltr'><strong>te-</strong></span> 
     </span>
     <span class='ocr_line' id='line_1_5' title="bbox 128 920 1156 1007; baseline 0.002 -22"><span class='ocrx_word' id='word_1_27' title='bbox 128 943 240 985; x_wconf 87' lang='lat' dir='ltr'><strong>nuere.</strong></span> <span class='ocrx_word' id='word_1_28' title='bbox 282 923 470 986; x_wconf 82' lang='lat' dir='ltr'><strong>Exhortatio</strong></span> <span class='ocrx_word' id='word_1_29' title='bbox 486 920 600 987; x_wconf 91' lang='lat' dir='ltr'><strong>ducum</strong></span> <span class='ocrx_word' id='word_1_30' title='bbox 619 944 685 989; x_wconf 88' lang='lat' dir='ltr'><strong>non</strong></span> <span class='ocrx_word' id='word_1_31' title='bbox 703 944 791 987; x_wconf 86' lang='lat' dir='ltr'><strong>more</strong></span> <span class='ocrx_word' id='word_1_32' title='bbox 810 926 967 989; x_wconf 77' lang='lat' dir='ltr'><strong>concIonis</strong></span> <span class='ocrx_word' id='word_1_33' title='bbox 986 925 1068 1007; x_wconf 82' lang='lat' dir='ltr'><strong>apud</strong></span> <span class='ocrx_word' id='word_1_34' title='bbox 1086 929 1156 987; x_wconf 90' lang='lat' dir='ltr'><strong>uni-</strong></span> 
     </span>
     <span class='ocr_line' id='line_1_6' title="bbox 127 1032 1156 1118; baseline -0.002 -17"><span class='ocrx_word' id='word_1_35' title='bbox 127 1055 255 1113; x_wconf 86' lang='lat' dir='ltr'><strong>versos,</strong></span> <span class='ocrx_word' id='word_1_36' title='bbox 276 1034 330 1098; x_wconf 87' lang='lat' dir='ltr'><strong>sed</strong></span> <span class='ocrx_word' id='word_1_37' title='bbox 355 1047 393 1096; x_wconf 88' lang='lat' dir='ltr'><strong>ut</strong></span> <span class='ocrx_word' id='word_1_38' title='bbox 418 1032 560 1118; x_wconf 85' lang='lat' dir='ltr'><strong>quosque</strong></span> <span class='ocrx_word' id='word_1_39' title='bbox 585 1033 716 1101; x_wconf 79' lang='lat' dir='ltr'><strong>suorum</strong></span> <span class='ocrx_word' id='word_1_40' title='bbox 738 1036 982 1103; x_wconf 77' lang='lat' dir='ltr'><strong>advehebantur.</strong></span> <span class='ocrx_word' id='word_1_41' title='bbox 1027 1037 1156 1099; x_wconf 88' lang='lat' dir='ltr'><strong>Cerialis</strong></span> 
     </span>
     <span class='ocr_line' id='line_1_7' title="bbox 128 1149 1154 1234; baseline -0.002 -20"><span class='ocrx_word' id='word_1_42' title='bbox 128 1162 269 1215; x_wconf 83' lang='lat' dir='ltr'><strong>veterem</strong></span> <span class='ocrx_word' id='word_1_43' title='bbox 295 1149 419 1211; x_wconf 90' lang='lat' dir='ltr'><strong>romani</strong></span> <span class='ocrx_word' id='word_1_44' title='bbox 447 1150 584 1213; x_wconf 87' lang='lat' dir='ltr'><strong>nominis</strong></span> <span class='ocrx_word' id='word_1_45' title='bbox 610 1152 760 1231; x_wconf 83' lang='lat' dir='ltr'><strong>gloriam,</strong></span> <span class='ocrx_word' id='word_1_46' title='bbox 790 1150 934 1234; x_wconf 87' lang='lat' dir='ltr'><strong>antiquas</strong></span> <span class='ocrx_word' id='word_1_47' title='bbox 954 1162 1154 1233; x_wconf 84' lang='lat' dir='ltr'><strong>recentesque</strong></span> 
     </span>
     <span class='ocr_line' id='line_1_8' title="bbox 128 1256 1153 1339; baseline -0.001 -17"><span class='ocrx_word' id='word_1_48' title='bbox 128 1256 293 1322; x_wconf 80' lang='lat' dir='ltr'><strong>victorias:</strong></span> <span class='ocrx_word' id='word_1_49' title='bbox 315 1268 352 1318; x_wconf 90' lang='lat' dir='ltr'><strong>ut</strong></span> <span class='ocrx_word' id='word_1_50' title='bbox 370 1256 534 1338; x_wconf 83' lang='lat' dir='ltr'><strong>perfidum,</strong></span> <span class='ocrx_word' id='word_1_51' title='bbox 551 1258 709 1339; x_wconf 85' lang='lat' dir='ltr'><strong>ignavum,</strong></span> <span class='ocrx_word' id='word_1_52' title='bbox 729 1258 848 1324; x_wconf 84' lang='lat' dir='ltr'><strong>victum</strong></span> <span class='ocrx_word' id='word_1_53' title='bbox 865 1260 984 1323; x_wconf 89' lang='lat' dir='ltr'><strong>hostem</strong></span> <span class='ocrx_word' id='word_1_54' title='bbox 1001 1261 1034 1319; x_wconf 87' lang='lat' dir='ltr'><strong>in</strong></span> <span class='ocrx_word' id='word_1_55' title='bbox 1055 1272 1153 1321; x_wconf 86' lang='lat' dir='ltr'><strong>aeter·</strong></span> 
     </span>
     <span class='ocr_line' id='line_1_9' title="bbox 129 1371 1153 1457; baseline 0.003 -22"><span class='ocrx_word' id='word_1_56' title='bbox 129 1394 206 1435; x_wconf 90' lang='lat' dir='ltr'><strong>num</strong></span> <span class='ocrx_word' id='word_1_57' title='bbox 227 1371 409 1435; x_wconf 85' lang='lat' dir='ltr'><strong>exciderent</strong></span> <span class='ocrx_word' id='word_1_58' title='bbox 432 1373 551 1437; x_wconf 83' lang='lat' dir='ltr'><strong>ultione</strong></span> <span class='ocrx_word' id='word_1_59' title='bbox 581 1378 679 1455; x_wconf 79' lang='lat' dir='ltr'><strong>magis</strong></span> <span class='ocrx_word' id='word_1_60' title='bbox 701 1376 797 1457; x_wconf 53' lang='lat' dir='ltr'><strong>vam</strong></span> <span class='ocrx_word' id='word_1_61' title='bbox 825 1376 947 1456; x_wconf 84' lang='lat' dir='ltr'><strong>proeIIu</strong></span> <span class='ocrx_word' id='word_1_62' title='bbox 971 1395 1052 1456; x_wconf 92' lang='lat' dir='ltr'><strong>opus</strong></span> <span class='ocrx_word' id='word_1_63' title='bbox 1077 1396 1153 1438; x_wconf 89' lang='lat' dir='ltr'><strong>esse.</strong></span> 
     </span>
     <span class='ocr_line' id='line_1_10' title="bbox 128 1487 1152 1569; baseline 0.001 -22"><span class='ocrx_word' id='word_1_64' title='bbox 128 1487 292 1569; x_wconf 88' lang='lat' dir='ltr'><strong>pauciores</strong></span> <span class='ocrx_word' id='word_1_65' title='bbox 314 1506 418 1567; x_wconf 84' lang='lat' dir='ltr'><strong>nuper</strong></span> <span class='ocrx_word' id='word_1_66' title='bbox 438 1487 673 1567; x_wconf 88' lang='lat' dir='ltr'><strong>cumpluribus</strong></span> <span class='ocrx_word' id='word_1_67' title='bbox 696 1498 845 1565; x_wconf 88' lang='lat' dir='ltr'><strong>certasse,</strong></span> <span class='ocrx_word' id='word_1_68' title='bbox 876 1508 910 1549; x_wconf 89' lang='lat' dir='ltr'><strong>ac</strong></span> <span class='ocrx_word' id='word_1_69' title='bbox 940 1500 1043 1548; x_wconf 81' lang='lat' dir='ltr'><strong>tamen</strong></span> <span class='ocrx_word' id='word_1_70' title='bbox 1065 1489 1152 1550; x_wconf 85' lang='lat' dir='ltr'><strong>fusos</strong></span> 
     </span>
     <span class='ocr_line' id='line_1_11' title="bbox 128 1601 1149 1686; baseline -0.001 -23"><span class='ocrx_word' id='word_1_71' title='bbox 128 1601 321 1678; x_wconf 84' lang='lat' dir='ltr'><strong>Germanos,</strong></span> <span class='ocrx_word' id='word_1_72' title='bbox 354 1601 439 1686; x_wconf 87' lang='lat' dir='ltr'><strong>quod</strong></span> <span class='ocrx_word' id='word_1_73' title='bbox 470 1602 596 1665; x_wconf 88' lang='lat' dir='ltr'><strong>roboris</strong></span> <span class='ocrx_word' id='word_1_74' title='bbox 622 1602 730 1666; x_wconf 84' lang='lat' dir='ltr'><strong>fuerit.</strong></span> <span class='ocrx_word' id='word_1_75' title='bbox 774 1622 935 1683; x_wconf 74' lang='lat' dir='ltr'><strong>superesse</strong></span> <span class='ocrx_word' id='word_1_76' title='bbox 964 1602 1018 1683; x_wconf 92' lang='lat' dir='ltr'><strong>qui</strong></span> <span class='ocrx_word' id='word_1_77' title='bbox 1045 1604 1149 1681; x_wconf 81' lang='lat' dir='ltr'><strong>fugam</strong></span> 
     </span>
     <span class='ocr_line' id='line_1_12' title="bbox 127 1712 1149 1799; baseline -0.002 -20"><span class='ocrx_word' id='word_1_78' title='bbox 127 1717 255 1795; x_wconf 90' lang='lat' dir='ltr'><strong>animis,</strong></span> <span class='ocrx_word' id='word_1_79' title='bbox 281 1717 338 1799; x_wconf 82' lang='lat' dir='ltr'><strong>qui</strong></span> <span class='ocrx_word' id='word_1_80' title='bbox 358 1718 490 1780; x_wconf 76' lang='lat' dir='ltr'><strong>vulnera</strong></span> <span class='ocrx_word' id='word_1_81' title='bbox 511 1728 599 1796; x_wconf 84' lang='lat' dir='ltr'><strong>tergo</strong></span> <span class='ocrx_word' id='word_1_82' title='bbox 620 1716 734 1777; x_wconf 84' lang='lat' dir='ltr'><strong>lerant.</strong></span> <span class='ocrx_word' id='word_1_83' title='bbox 775 1715 925 1795; x_wconf 81' lang='lat' dir='ltr'><strong>Proprios</strong></span> <span class='ocrx_word' id='word_1_84' title='bbox 946 1712 1019 1775; x_wconf 91' lang='lat' dir='ltr'><strong>inde</strong></span> <span class='ocrx_word' id='word_1_85' title='bbox 1041 1715 1149 1777; x_wconf 91' lang='lat' dir='ltr'><strong>stimu-</strong></span> 
     </span>
     <span class='ocr_line' id='line_1_13' title="bbox 125 1826 1148 1912; baseline 0 -21"><span class='ocrx_word' id='word_1_86' title='bbox 125 1831 172 1893; x_wconf 90' lang='lat' dir='ltr'><strong>los</strong></span> <span class='ocrx_word' id='word_1_87' title='bbox 191 1828 370 1911; x_wconf 82' lang='lat' dir='ltr'><strong>legionibus</strong></span> <span class='ocrx_word' id='word_1_88' title='bbox 398 1828 587 1895; x_wconf 81' lang='lat' dir='ltr'><strong>admovebat</strong></span> <span class='ocrx_word' id='word_1_89' title='bbox 614 1826 785 1892; x_wconf 89' lang='lat' dir='ltr'><strong>domitores</strong></span> <span class='ocrx_word' id='word_1_90' title='bbox 811 1829 993 1891; x_wconf 87' lang='lat' dir='ltr'><strong>Britanniae</strong></span> <span class='ocrx_word' id='word_1_91' title='bbox 1023 1844 1148 1912; x_wconf 90' lang='lat' dir='ltr'><strong>quarta-</strong></span> 
     </span>
     <span class='ocr_line' id='line_1_14' title="bbox 125 1941 1146 2024; baseline 0 -17"><span class='ocrx_word' id='word_1_92' title='bbox 125 1942 315 2007; x_wconf 85' lang='lat' dir='ltr'><strong>decumanos</strong></span> <span class='ocrx_word' id='word_1_93' title='bbox 336 1944 515 2024; x_wconf 86' lang='lat' dir='ltr'><strong>appellans,</strong></span> <span class='ocrx_word' id='word_1_94' title='bbox 538 1941 714 2023; x_wconf 86' lang='lat' dir='ltr'><strong>principem</strong></span> <span class='ocrx_word' id='word_1_95' title='bbox 735 1941 868 2005; x_wconf 86' lang='lat' dir='ltr'><strong>Galbam</strong></span> <span class='ocrx_word' id='word_1_96' title='bbox 888 1956 994 2006; x_wconf 85' lang='lat' dir='ltr'><strong>sextae</strong></span> <span class='ocrx_word' id='word_1_97' title='bbox 1016 1945 1146 2024; x_wconf 85' lang='lat' dir='ltr'><strong>legionis</strong></span> 
     </span>
     <span class='ocr_line' id='line_1_15' title="bbox 125 2057 1146 2139; baseline 0.002 -18"><span class='ocrx_word' id='word_1_98' title='bbox 125 2057 306 2123; x_wconf 85' lang='lat' dir='ltr'><strong>anctoritate</strong></span> <span class='ocrx_word' id='word_1_99' title='bbox 334 2059 468 2138; x_wconf 88' lang='lat' dir='ltr'><strong>factum,</strong></span> <span class='ocrx_word' id='word_1_100' title='bbox 495 2057 551 2121; x_wconf 88' lang='lat' dir='ltr'><strong>illa</strong></span> <span class='ocrx_word' id='word_1_101' title='bbox 579 2059 718 2139; x_wconf 87' lang='lat' dir='ltr'><strong>primum</strong></span> <span class='ocrx_word' id='word_1_102' title='bbox 748 2058 813 2121; x_wconf 87' lang='lat' dir='ltr'><strong>acic</strong></span> <span class='ocrx_word' id='word_1_103' title='bbox 840 2057 1035 2123; x_wconf 87' lang='lat' dir='ltr'><strong>secundanos</strong></span> <span class='ocrx_word' id='word_1_104' title='bbox 1063 2081 1146 2123; x_wconf 88' lang='lat' dir='ltr'><strong>nova</strong></span> 
     </span>
     <span class='ocr_line' id='line_1_16' title="bbox 123 2164 1144 2255; baseline 0 -22"><span class='ocrx_word' id='word_1_105' title='bbox 123 2172 210 2253; x_wconf 80' lang='lat' dir='ltr'><strong>signa</strong></span> <span class='ocrx_word' id='word_1_106' title='bbox 229 2164 409 2255; x_wconf 79' lang='lat' dir='ltr'><strong>novamque</strong></span> <span class='ocrx_word' id='word_1_107' title='bbox 431 2171 569 2254; x_wconf 88' lang='lat' dir='ltr'><strong>aquilam</strong></span> <span class='ocrx_word' id='word_1_108' title='bbox 590 2168 759 2233; x_wconf 87' lang='lat' dir='ltr'><strong>dicaturos.</strong></span> <span class='ocrx_word' id='word_1_109' title='bbox 798 2171 882 2233; x_wconf 88' lang='lat' dir='ltr'><strong>Hinc</strong></span> <span class='ocrx_word' id='word_1_110' title='bbox 902 2185 1084 2254; x_wconf 83' lang='lat' dir='ltr'><strong>praevectus</strong></span> <span class='ocrx_word' id='word_1_111' title='bbox 1105 2170 1144 2234; x_wconf 92' lang='lat' dir='ltr'><strong>ad</strong></span> 
     </span>
     <span class='ocr_line' id='line_1_17' title="bbox 122 2282 1144 2367; baseline -0.002 -18"><span class='ocrx_word' id='word_1_112' title='bbox 122 2285 335 2367; x_wconf 84' lang='lat' dir='ltr'><strong>germanicum</strong></span> <span class='ocrx_word' id='word_1_113' title='bbox 355 2284 526 2349; x_wconf 86' lang='lat' dir='ltr'><strong>exercitum</strong></span> <span class='ocrx_word' id='word_1_114' title='bbox 548 2304 658 2346; x_wconf 90' lang='lat' dir='ltr'><strong>manus</strong></span> <span class='ocrx_word' id='word_1_115' title='bbox 679 2282 843 2364; x_wconf 83' lang='lat' dir='ltr'><strong>tendebat,</strong></span> <span class='ocrx_word' id='word_1_116' title='bbox 870 2297 905 2347; x_wconf 89' lang='lat' dir='ltr'><strong>ut</strong></span> <span class='ocrx_word' id='word_1_117' title='bbox 926 2306 1013 2348; x_wconf 89' lang='lat' dir='ltr'><strong>suam</strong></span> <span class='ocrx_word' id='word_1_118' title='bbox 1035 2286 1144 2367; x_wconf 87' lang='lat' dir='ltr'><strong>ripam,</strong></span> 
     </span>
     <span class='ocr_line' id='line_1_18' title="bbox 123 2395 1143 2481; baseline -0.004 -15"><span class='ocrx_word' id='word_1_119' title='bbox 123 2422 178 2466; x_wconf 89' lang='lat' dir='ltr'><strong>sua</strong></span> <span class='ocrx_word' id='word_1_120' title='bbox 194 2412 296 2465; x_wconf 88' lang='lat' dir='ltr'><strong>castra</strong></span> <span class='ocrx_word' id='word_1_121' title='bbox 315 2395 466 2480; x_wconf 80' lang='lat' dir='ltr'><strong>sanguine</strong></span> <span class='ocrx_word' id='word_1_122' title='bbox 482 2397 622 2462; x_wconf 90' lang='lat' dir='ltr'><strong>hostium</strong></span> <span class='ocrx_word' id='word_1_123' title='bbox 641 2410 874 2481; x_wconf 76' lang='lat' dir='ltr'><strong>recuperarent.</strong></span> <span class='ocrx_word' id='word_1_124' title='bbox 916 2400 1058 2463; x_wconf 82' lang='lat' dir='ltr'><strong>Alacrior</strong></span> <span class='ocrx_word' id='word_1_125' title='bbox 1076 2420 1143 2462; x_wconf 90' lang='lat' dir='ltr'><strong>om·</strong></span> 
     </span>
     <span class='ocr_line' id='line_1_19' title="bbox 121 2513 1143 2599; baseline -0.004 -19"><span class='ocrx_word' id='word_1_126' title='bbox 121 2518 208 2580; x_wconf 85' lang='lat' dir='ltr'><strong>nium</strong></span> <span class='ocrx_word' id='word_1_127' title='bbox 232 2519 359 2594; x_wconf 87' lang='lat' dir='ltr'><strong>clamor,</strong></span> <span class='ocrx_word' id='word_1_128' title='bbox 382 2513 453 2599; x_wconf 86' lang='lat' dir='ltr'><strong>quis</strong></span> <span class='ocrx_word' id='word_1_129' title='bbox 475 2517 526 2580; x_wconf 81' lang='lat' dir='ltr'><strong>vel</strong></span> <span class='ocrx_word' id='word_1_130' title='bbox 546 2535 588 2577; x_wconf 87' lang='lat' dir='ltr'><strong>ex</strong></span> <span class='ocrx_word' id='word_1_131' title='bbox 608 2515 702 2594; x_wconf 83' lang='lat' dir='ltr'><strong>longa</strong></span> <span class='ocrx_word' id='word_1_132' title='bbox 724 2513 801 2596; x_wconf 84' lang='lat' dir='ltr'><strong>pa&#39;ce</strong></span> <span class='ocrx_word' id='word_1_133' title='bbox 822 2514 936 2596; x_wconf 85' lang='lat' dir='ltr'><strong>proelii</strong></span> <span class='ocrx_word' id='word_1_134' title='bbox 956 2513 1070 2595; x_wconf 87' lang='lat' dir='ltr'><strong>cupido</strong></span> <span class='ocrx_word' id='word_1_135' title='bbox 1091 2517 1143 2578; x_wconf 90' lang='lat' dir='ltr'><strong>vel</strong></span> 
     </span>
     <span class='ocr_line' id='line_1_20' title="bbox 119 2626 1141 2712; baseline -0.005 -19"><span class='ocrx_word' id='word_1_136' title='bbox 119 2631 207 2694; x_wconf 87' lang='lat' dir='ltr'><strong>fessis</strong></span> <span class='ocrx_word' id='word_1_137' title='bbox 236 2629 321 2692; x_wconf 90' lang='lat' dir='ltr'><strong>bello</strong></span> <span class='ocrx_word' id='word_1_138' title='bbox 350 2628 437 2712; x_wconf 89' lang='lat' dir='ltr'><strong>pacis</strong></span> <span class='ocrx_word' id='word_1_139' title='bbox 465 2647 554 2691; x_wconf 90' lang='lat' dir='ltr'><strong>amor</strong></span> <span class='ocrx_word' id='word_1_140' title='bbox 582 2627 786 2711; x_wconf 88' lang='lat' dir='ltr'><strong>praemiaque</strong></span> <span class='ocrx_word' id='word_1_141' title='bbox 815 2638 846 2689; x_wconf 87' lang='lat' dir='ltr'><strong>et</strong></span> <span class='ocrx_word' id='word_1_142' title='bbox 867 2628 955 2710; x_wconf 87' lang='lat' dir='ltr'><strong>quies</strong></span> <span class='ocrx_word' id='word_1_143' title='bbox 980 2626 1015 2688; x_wconf 88' lang='lat' dir='ltr'><strong>in</strong></span> <span class='ocrx_word' id='word_1_144' title='bbox 1037 2639 1141 2709; x_wconf 88' lang='lat' dir='ltr'><strong>poste-</strong></span> 
     </span>
     <span class='ocr_line' id='line_1_21' title="bbox 118 2747 407 2827; baseline -0.017 -17"><span class='ocrx_word' id='word_1_145' title='bbox 118 2766 189 2810; x_wconf 86' lang='lat' dir='ltr'><strong>rum</strong></span> <span class='ocrx_word' id='word_1_146' title='bbox 212 2747 407 2827; x_wconf 86' lang='lat' dir='ltr'><strong>sperabatur.</strong></span> 
     </span>
    </p>

    <p class='ocr_par' dir='ltr' id='par_1_3' title="bbox 108 2851 1223 4196">
     <span class='ocr_line' id='line_1_22' title="bbox 200 2851 1223 2935; baseline -0.005 -14"><span class='ocrx_word' id='word_1_147' title='bbox 200 2857 270 2922; x_wconf 86' lang='lat' dir='ltr'><strong>Nec</strong></span> <span class='ocrx_word' id='word_1_148' title='bbox 291 2856 399 2920; x_wconf 83' lang='lat' dir='ltr'><strong>Civilis</strong></span> <span class='ocrx_word' id='word_1_149' title='bbox 426 2855 567 2918; x_wconf 88' lang='lat' dir='ltr'><strong>silentem</strong></span> <span class='ocrx_word' id='word_1_150' title='bbox 595 2852 711 2916; x_wconf 66' lang='lat' dir='ltr'><strong>sanxit</strong></span> <span class='ocrx_word' id='word_1_151' title='bbox 735 2851 850 2932; x_wconf 87' lang='lat' dir='ltr'><strong>aciem,</strong></span> <span class='ocrx_word' id='word_1_152' title='bbox 884 2855 988 2916; x_wconf 91' lang='lat' dir='ltr'><strong>locum</strong></span> <span class='ocrx_word' id='word_1_153' title='bbox 1015 2871 1137 2935; x_wconf 84' lang='lat' dir='ltr'><strong>pugnae</strong></span> <span class='ocrx_word' id='word_1_154' title='bbox 1152 2863 1223 2928; x_wconf 78' lang='lat' dir='ltr'><strong>5,lt</strong></span> 
     </span>
     <span class='ocr_line' id='line_1_23' title="bbox 116 2969 1137 3051; baseline -0.008 -16"><span class='ocrx_word' id='word_1_155' title='bbox 116 2983 225 3036; x_wconf 87' lang='lat' dir='ltr'><strong>testem</strong></span> <span class='ocrx_word' id='word_1_156' title='bbox 254 2972 379 3038; x_wconf 83' lang='lat' dir='ltr'><strong>virtutis</strong></span> <span class='ocrx_word' id='word_1_157' title='bbox 406 2972 500 3036; x_wconf 86' lang='lat' dir='ltr'><strong>ciens.</strong></span> <span class='ocrx_word' id='word_1_158' title='bbox 543 2982 626 3033; x_wconf 90' lang='lat' dir='ltr'><strong>stare</strong></span> <span class='ocrx_word' id='word_1_159' title='bbox 654 2969 829 3034; x_wconf 88' lang='lat' dir='ltr'><strong>Germanos</strong></span> <span class='ocrx_word' id='word_1_160' title='bbox 858 2969 1055 3051; x_wconf 88' lang='lat' dir='ltr'><strong>Batavosque</strong></span> <span class='ocrx_word' id='word_1_161' title='bbox 1085 2987 1137 3029; x_wconf 88' lang='lat' dir='ltr'><strong>su·</strong></span> 
     </span>
     <span class='ocr_line' id='line_1_24' title="bbox 116 3075 1136 3169; baseline -0.007 -20"><span class='ocrx_word' id='word_1_162' title='bbox 116 3109 172 3169; x_wconf 89' lang='lat' dir='ltr'><strong>per</strong></span> <span class='ocrx_word' id='word_1_163' title='bbox 194 3086 324 3166; x_wconf 79' lang='lat' dir='ltr'><strong>vestigia</strong></span> <span class='ocrx_word' id='word_1_164' title='bbox 345 3075 478 3165; x_wconf 79' lang='lat' dir='ltr'><strong>gloriae,</strong></span> <span class='ocrx_word' id='word_1_165' title='bbox 499 3085 619 3147; x_wconf 87' lang='lat' dir='ltr'><strong>cineres</strong></span> <span class='ocrx_word' id='word_1_166' title='bbox 640 3104 773 3167; x_wconf 89' lang='lat' dir='ltr'><strong>ossaque</strong></span> <span class='ocrx_word' id='word_1_167' title='bbox 795 3085 953 3166; x_wconf 84' lang='lat' dir='ltr'><strong>legionum</strong></span> <span class='ocrx_word' id='word_1_168' title='bbox 975 3085 1136 3144; x_wconf 84' lang='lat' dir='ltr'><strong>calcantes.</strong></span> 
     </span>
     <span class='ocr_line' id='line_1_25' title="bbox 117 3189 1136 3285; baseline -0.012 -20"><span class='ocrx_word' id='word_1_169' title='bbox 117 3222 305 3285; x_wconf 89' lang='lat' dir='ltr'><strong>quocunque</strong></span> <span class='ocrx_word' id='word_1_170' title='bbox 328 3189 437 3262; x_wconf 85' lang='lat' dir='ltr'><strong>oculos</strong></span> <span class='ocrx_word' id='word_1_171' title='bbox 457 3198 619 3261; x_wconf 87' lang='lat' dir='ltr'><strong>Romanus</strong></span> <span class='ocrx_word' id='word_1_172' title='bbox 639 3189 824 3276; x_wconf 79' lang='lat' dir='ltr'><strong>Intenderet,</strong></span> <span class='ocrx_word' id='word_1_173' title='bbox 845 3196 1052 3276; x_wconf 84' lang='lat' dir='ltr'><strong>captivitatem</strong></span> <span class='ocrx_word' id='word_1_174' title='bbox 1073 3195 1136 3254; x_wconf 86' lang='lat' dir='ltr'><strong>cla·</strong></span> 
     </span>
     <span class='ocr_line' id='line_1_26' title="bbox 116 3305 1134 3400; baseline -0.008 -22"><span class='ocrx_word' id='word_1_175' title='bbox 116 3316 249 3400; x_wconf 81' lang='lat' dir='ltr'><strong>demque</strong></span> <span class='ocrx_word' id='word_1_176' title='bbox 278 3326 310 3376; x_wconf 87' lang='lat' dir='ltr'><strong>ct</strong></span> <span class='ocrx_word' id='word_1_177' title='bbox 336 3305 405 3376; x_wconf 87' lang='lat' dir='ltr'><strong>dira</strong></span> <span class='ocrx_word' id='word_1_178' title='bbox 427 3314 534 3376; x_wconf 89' lang='lat' dir='ltr'><strong>omnia</strong></span> <span class='ocrx_word' id='word_1_179' title='bbox 552 3314 724 3377; x_wconf 87' lang='lat' dir='ltr'><strong>obversari.</strong></span> <span class='ocrx_word' id='word_1_180' title='bbox 766 3333 807 3374; x_wconf 92' lang='lat' dir='ltr'><strong>ne</strong></span> <span class='ocrx_word' id='word_1_181' title='bbox 830 3321 1024 3374; x_wconf 88' lang='lat' dir='ltr'><strong>terrerentur</strong></span> <span class='ocrx_word' id='word_1_182' title='bbox 1046 3310 1134 3371; x_wconf 86' lang='lat' dir='ltr'><strong>vario</strong></span> 
     </span>
     <span class='ocr_line' id='line_1_27' title="bbox 114 3419 1134 3510; baseline -0.011 -16"><span class='ocrx_word' id='word_1_183' title='bbox 114 3430 258 3494; x_wconf 78' lang='lat' dir='ltr'><strong>uererici</strong></span> <span class='ocrx_word' id='word_1_184' title='bbox 282 3428 395 3510; x_wconf 89' lang='lat' dir='ltr'><strong>proelii</strong></span> <span class='ocrx_word' id='word_1_185' title='bbox 417 3419 540 3491; x_wconf 84' lang='lat' dir='ltr'><strong>eventu.</strong></span> <span class='ocrx_word' id='word_1_186' title='bbox 560 3485 565 3494; x_wconf 89' lang='grc'><strong><em>,</em></strong></span> <span class='ocrx_word' id='word_1_187' title='bbox 589 3447 679 3490; x_wconf 91' lang='lat' dir='ltr'><strong>suam</strong></span> <span class='ocrx_word' id='word_1_188' title='bbox 698 3427 765 3490; x_wconf 87' lang='lat' dir='ltr'><strong>illic</strong></span> <span class='ocrx_word' id='word_1_189' title='bbox 786 3425 947 3490; x_wconf 88' lang='lat' dir='ltr'><strong>victoriam</strong></span> <span class='ocrx_word' id='word_1_190' title='bbox 970 3421 1134 3485; x_wconf 86' lang='lat' dir='ltr'><strong>Germanis</strong></span> 
     </span>
     <span class='ocr_line' id='line_1_28' title="bbox 115 3534 1133 3626; baseline -0.013 -17"><span class='ocrx_word' id='word_1_191' title='bbox 115 3547 284 3621; x_wconf 88' lang='lat' dir='ltr'><strong>obstitisse,</strong></span> <span class='ocrx_word' id='word_1_192' title='bbox 314 3541 391 3606; x_wconf 90' lang='lat' dir='ltr'><strong>dum</strong></span> <span class='ocrx_word' id='word_1_193' title='bbox 419 3534 541 3605; x_wconf 87' lang='lat' dir='ltr'><strong>omissis</strong></span> <span class='ocrx_word' id='word_1_194' title='bbox 565 3544 637 3606; x_wconf 80' lang='lat' dir='ltr'><strong>telis</strong></span> <span class='ocrx_word' id='word_1_195' title='bbox 656 3541 777 3626; x_wconf 83' lang='lat' dir='ltr'><strong>praeda</strong></span> <span class='ocrx_word' id='word_1_196' title='bbox 800 3561 911 3604; x_wconf 87' lang='lat' dir='ltr'><strong>manus</strong></span> <span class='ocrx_word' id='word_1_197' title='bbox 938 3536 1133 3621; x_wconf 86' lang='lat' dir='ltr'><strong>impediunt:</strong></span> 
     </span>
     <span class='ocr_line' id='line_1_29' title="bbox 114 3649 1132 3736; baseline -0.01 -18"><span class='ocrx_word' id='word_1_198' title='bbox 114 3656 167 3720; x_wconf 89' lang='lat' dir='ltr'><strong>sed</strong></span> <span class='ocrx_word' id='word_1_199' title='bbox 197 3669 308 3720; x_wconf 91' lang='lat' dir='ltr'><strong>cuncta</strong></span> <span class='ocrx_word' id='word_1_200' title='bbox 327 3649 413 3718; x_wconf 79' lang='lat' dir='ltr'><strong>¹mon</strong></span> <span class='ocrx_word' id='word_1_201' title='bbox 441 3674 593 3736; x_wconf 86' lang='lat' dir='ltr'><strong>prospera</strong></span> <span class='ocrx_word' id='word_1_202' title='bbox 622 3649 653 3716; x_wconf 74' lang='lat' dir='ltr'><strong>e&#39;t</strong></span> <span class='ocrx_word' id='word_1_203' title='bbox 680 3657 765 3717; x_wconf 86' lang='lat' dir='ltr'><strong>hosti</strong></span> <span class='ocrx_word' id='word_1_204' title='bbox 779 3683 781 3690; x_wconf 95' lang='lat'>·</span> <span class='ocrx_word' id='word_1_205' title='bbox 795 3655 951 3717; x_wconf 88' lang='lat' dir='ltr'><strong>contraria</strong></span> <span class='ocrx_word' id='word_1_206' title='bbox 981 3649 1132 3714; x_wconf 84' lang='lat' dir='ltr'><strong>evenisse.</strong></span> 
     </span>
     <span class='ocr_line' id='line_1_30' title="bbox 113 3765 1131 3852; baseline -0.009 -20"><span class='ocrx_word' id='word_1_207' title='bbox 113 3790 193 3852; x_wconf 88' lang='lat' dir='ltr'><strong>qnae</strong></span> <span class='ocrx_word' id='word_1_208' title='bbox 214 3768 377 3851; x_wconf 83' lang='lat' dir='ltr'><strong>provideri</strong></span> <span class='ocrx_word' id='word_1_209' title='bbox 398 3781 467 3831; x_wconf 87' lang='lat' dir='ltr'><strong>astu</strong></span> <span class='ocrx_word' id='word_1_210' title='bbox 488 3765 577 3830; x_wconf 90' lang='lat' dir='ltr'><strong>ducis</strong></span> <span class='ocrx_word' id='word_1_211' title='bbox 599 3766 983 3850; x_wconf 81' lang='lat' dir='ltr'><strong>oportueritprovidisse,</strong></span> <span class='ocrx_word' id='word_1_212' title='bbox 1004 3781 1131 3844; x_wconf 86' lang='lat' dir='ltr'><strong>campos</strong></span> 
     </span>
     <span class='ocr_line' id='line_1_31' title="bbox 111 3875 1130 3966; baseline -0.006 -20"><span class='ocrx_word' id='word_1_213' title='bbox 111 3882 271 3948; x_wconf 86' lang='lat' dir='ltr'><strong>madentes</strong></span> <span class='ocrx_word' id='word_1_214' title='bbox 289 3897 320 3947; x_wconf 85' lang='lat' dir='ltr'><strong>et</strong></span> <span class='ocrx_word' id='word_1_215' title='bbox 338 3886 415 3966; x_wconf 88' lang='lat' dir='ltr'><strong>ipsis</strong></span> <span class='ocrx_word' id='word_1_216' title='bbox 426 3905 555 3966; x_wconf 61' lang='lat' dir='ltr'><strong>gnaros,</strong></span> <span class='ocrx_word' id='word_1_217' title='bbox 573 3883 704 3966; x_wconf 85' lang='lat' dir='ltr'><strong>paludes</strong></span> <span class='ocrx_word' id='word_1_218' title='bbox 720 3883 1004 3946; x_wconf 80' lang='lat' dir='ltr'><strong>hostibusnoxias.</strong></span> <span class='ocrx_word' id='word_1_219' title='bbox 1045 3875 1130 3940; x_wconf 88' lang='lat' dir='ltr'><strong>Rhe·</strong></span> 
     </span>
     <span class='ocr_line' id='line_1_32' title="bbox 109 3992 1130 4079; baseline -0.006 -22"><span class='ocrx_word' id='word_1_220' title='bbox 109 4017 187 4058; x_wconf 90' lang='lat' dir='ltr'><strong>num</strong></span> <span class='ocrx_word' id='word_1_221' title='bbox 218 4011 249 4059; x_wconf 87' lang='lat' dir='ltr'><strong>st</strong></span> <span class='ocrx_word' id='word_1_222' title='bbox 276 3998 464 4060; x_wconf 86' lang='lat' dir='ltr'><strong>Germaniae</strong></span> <span class='ocrx_word' id='word_1_223' title='bbox 493 3997 569 4062; x_wconf 91' lang='lat' dir='ltr'><strong>deos</strong></span> <span class='ocrx_word' id='word_1_224' title='bbox 597 3997 632 4060; x_wconf 91' lang='lat' dir='ltr'><strong>in</strong></span> <span class='ocrx_word' id='word_1_225' title='bbox 654 4009 802 4079; x_wconf 87' lang='lat' dir='ltr'><strong>aspectu,</strong></span> <span class='ocrx_word' id='word_1_226' title='bbox 835 4014 972 4078; x_wconf 87' lang='lat' dir='ltr'><strong>quorum</strong></span> <span class='ocrx_word' id='word_1_227' title='bbox 1000 3992 1130 4054; x_wconf 89' lang='lat' dir='ltr'><strong>numine</strong></span> 
     </span>
     <span class='ocr_line' id='line_1_33' title="bbox 108 4111 1130 4196; baseline -0.003 -23"><span class='ocrx_word' id='word_1_228' title='bbox 108 4126 307 4194; x_wconf 83' lang='lat' dir='ltr'><strong>capesserent</strong></span> <span class='ocrx_word' id='word_1_229' title='bbox 328 4135 482 4194; x_wconf 85' lang='lat' dir='ltr'><strong>pugnam,</strong></span> <span class='ocrx_word' id='word_1_230' title='bbox 511 4117 696 4194; x_wconf 80' lang='lat' dir='ltr'><strong>conjugum,</strong></span> <span class='ocrx_word' id='word_1_231' title='bbox 717 4123 902 4196; x_wconf 87' lang='lat' dir='ltr'><strong>parantum,</strong></span> <span class='ocrx_word' id='word_1_232' title='bbox 923 4111 1041 4194; x_wconf 88' lang='lat' dir='ltr'><strong>patriae</strong></span> <span class='ocrx_word' id='word_1_233' title='bbox 1063 4129 1130 4170; x_wconf 86' lang='lat' dir='ltr'><strong>me-</strong></span> 
     </span>
    </p>
   </div>
   <div class='ocr_carea' id='block_1_3' title="bbox 825 4219 871 4286">
    <p class='ocr_par' dir='ltr' id='par_1_4' title="bbox 825 4219 871 4286">
     <span class='ocr_line' id='line_1_34' title="bbox 825 4219 871 4286; baseline 0 -25"><span class='ocrx_word' id='word_1_234' title='bbox 825 4219 871 4286; x_wconf 65' lang='grc'><strong>8*</strong></span> 
     </span>
    </p>
   </div>
   <div class='ocr_carea' id='block_1_4' title="bbox 0 0 1484 4875">
    <p class='ocr_par' dir='ltr' id='par_1_5' title="bbox 0 0 1484 4875">
     <span class='ocr_line' id='line_1_35' title="bbox 0 0 1484 4875; baseline 0 6"><span class='ocrx_word' id='word_1_235' title='bbox 0 0 1484 4875; x_wconf 95' lang='lat' dir='ltr'><strong> </strong></span> 
     </span>
    </p>
   </div>
  </div>
 </body>
</html>
