2959 4875
311 374 354 438 tu
671 370 734 440 EX
756 372 1013 451 ttts't‘ottttss
1343 382 1364 413 ¹·

310 548 449 628 legiones
484 544 563 608 nihil
598 546 677 609 ultra
708 546 868 609 fremitum
899 560 930 609 et
960 549 1059 611 minas
1093 568 1186 611 ausas
1214 548 1344 613 initium

316 659 502 742 erumpendi
531 660 838 740 circumspectabant:
891 670 923 721 at
952 658 986 721 in
1016 659 1173 741 superiori
1201 663 1344 725 exercitu

318 790 431 861 qttarta
460 799 495 840 ac
526 773 770 840 duoetvicesima
797 774 934 855 legiones
963 771 1075 837 iisdem
1104 774 1245 839 hibernis
1272 788 1347 839 ten·

319 891 427 958 dentes
447 893 516 975 ipso
538 888 739 955 calendarum
757 889 971 968 januariarum
990 886 1040 951 die
1060 886 1246 973 dirumpunt
1254 891 1346 971 ,ima-

318 1009 404 1091 gines
437 1007 572 1083 Galbae,
612 1017 724 1091 quarta
755 1006 836 1086 legio
871 1002 1063 1091 promptius,
1102 1001 1347 1068 duoetvicesima

320 1133 516 1200 cunctantes,
546 1142 621 1184 mox
648 1141 813 1184 consensu.
856 1121 902 1183 Ac
931 1140 970 1181 ne
992 1118 1199 1183 reverentiam
1219 1119 1347 1201 imperii

321 1256 435 1299 exuere
466 1234 649 1299 viderentur
674 1246 800 1297 senatus
830 1235 1004 1320 populique
1029 1236 1154 1298 rornani
1181 1235 1348 1298 obliterata

321 1355 383 1428 jam
416 1350 545 1412 nomios
574 1340 768 1412 sacramento
798 1344 1011 1424 advocabant,
1052 1347 1139 1409 nullo
1171 1348 1347 1427 legatorum

321 1465 561 1527 tribunorumve
583 1484 642 1545 pro
662 1461 766 1525 Galba
785 1462 922 1539 nitente,
950 1459 1154 1547 quibusdam,
1182 1473 1218 1524 ut
1238 1462 1272 1523 ia
1294 1473 1347 1522 tu·

322 1578 443 1655 multu,
465 1576 635 1640 notabilior
657 1576 869 1640 turbantibus.
911 1586 1103 1637 nontamen
1124 1574 1290 1660 quisquam
1312 1574 1348 1635 in

323 1689 453 1755 modum
485 1689 644 1751 concionis
675 1699 730 1752 aut
767 1698 910 1767 suggestu
926 1688 1074 1770 locutus.
1127 1707 1230 1773 neque
1263 1686 1348 1749 enim

325 1816 391 1867 erat
414 1800 516 1866 adhuc
538 1803 589 1866 cni
608 1804 825 1884 imputaretur.

241 1933 310 1996 nso
410 1916 574 1999 Spectator
594 1916 703 1998 flagitii
723 1916 926 1981 Hordeonius
956 1915 1085 1980 Flaccus
1108 1911 1280 1979 consularis
1300 1912 1349 1976 le·

326 2044 414 2113 gatus
436 2029 552 2114 aderat,
575 2051 640 2097 non
662 2051 859 2114 compescere
880 2042 1019 2109 ruentes,
1044 2048 1109 2093 non
1130 2028 1267 2093 retinere
1288 2025 1351 2090 du·

326 2150 406 2227 bios,
430 2168 496 2210 non
516 2146 674 2211 cohortari
694 2149 799 2211 bonos
820 2166 937 2228 aususp
955 2143 1009 2208 sed
1030 2144 1142 2225 segnis,
1162 2140 1295 2226 pavidus
1318 2155 1352 2206 et

327 2260 471 2325 socordia
486 2261 669 2326 innocens·
690 2260 850 2338 Quattuor
870 2259 1068 2325 centuriones
1090 2255 1350 2322 duoetvicesimae

327 2376 474 2456 legionis,
504 2372 629 2437 Nonius
650 2374 823 2457 Receptus,
853 2376 1010 2440 Donatius
1032 2377 1167 2456 Valens,
1194 2373 1352 2436 Romilius

284 2542 292 2562 ,
327 2490 510 2569 Marcellus,
549 2487 739 2570 Calpurnius
781 2488 995 2570 Repentinus,
1029 2509 1126 2572 quum
1151 2498 1354 2570 protegerent

332 2607 450 2668 Galbae
472 2603 630 2685 imagines,
652 2603 771 2688 impetu
792 2605 926 2667 militum
943 2601 1067 2686 abrepti
1083 2601 1252 2686 vinctique.
1294 2624 1354 2665 nec

332 2718 478 2803 cuiquam
497 2719 578 2779 ultra
598 2717 675 2780 fides
696 2730 751 2780 aut
772 2717 922 2780 memoria
945 2717 1059 2798 prioris
1081 2717 1274 2795 sacramenti,
1297 2713 1354 2778 sed

335 2829 422 2916 quod
445 2832 480 2894 in
503 2830 709 2896 seditionibus
734 2830 859 2912 accidit,
890 2829 974 2894 unde
1003 2832 1110 2914 plures
1133 2844 1222 2894 erant
1243 2851 1354 2894 omnes
1464 2849 1465 2856 ¹

330 2946 430 3007 fuere.
472 2945 572 3008 Nocte
597 2967 678 3030 quae
704 2945 847 3009 calendas
869 2945 1025 3027 januarias
1052 2957 1157 3010 secuta
1178 2944 1277 3008 estin
1300 2967 1355 3010 co·

330 3060 448 3122 ioniam
470 3059 720 3142 agrippinensem
744 3063 890 3146 aquilifer
911 3075 1039 3147 quartae
1061 3061 1191 3142 legionis
1214 3060 1356 3144 epulanti
1464 3069 1465 3150 J

331 3176 461 3239 Vitellio
500 3177 623 3239 nuntiat
656 3191 800 3263 quartam
841 3191 870 3240 et
905 3176 1178 3242 duoetvicesimam
1215 3178 1355 3258 legiones

331 3290 479 3378 projectis
496 3289 614 3352 Galbae
633 3289 822 3370 imaginibus
843 3291 877 3351 in
899 3302 1024 3352 senatus
1048 3311 1084 3354 ac
1103 3289 1214 3372 populi
1230 3289 1356 3350 romani

333 3403 430 3464 verba
449 3407 579 3481 jurasse.
627 3401 666 3463 Id
686 3416 914 3466 sacramentum
939 3405 1033 3468 inane
1055 3406 1175 3472 usum:
1205 3407 1357 3488 occupari

333 3528 496 3579 nutantem
522 3516 685 3579 fortunam
715 3529 747 3580 et
771 3518 880 3580 offerri
902 3519 1076 3603 principem
1100 3520 1226 3602 placuit.
1269 3520 1357 3581 missi

333 3657 352 3697 a
371 3632 499 3696 Vitellio
521 3630 562 3694 ad
582 3632 720 3712 legiones
741 3635 930 3719 legatosque,
955 3636 1011 3721 qui
1030 3633 1196 3698 descivisse
1216 3655 1234 3696 a
1253 3632 1358 3694 Galba

334 3749 527 3829 superiorem
557 3745 731 3810 exercitum
760 3748 960 3814 nuntiarent:
991 3747 1124 3832 proinde
1154 3759 1208 3811 aut
1235 3745 1359 3809 bellan·

335 3863 409 3924 dum
432 3863 580 3930 adversus
603 3862 806 3927 desciscentes
826 3877 896 3942 aut,
920 3866 947 3928 si
968 3863 1136 3927 concordia
1159 3876 1189 3925 et
1211 3882 1275 3944 pax
1288 3862 1359 3942 pla·

335 3991 411 4057 cent,
436 3979 614 4042 laciendum
632 3980 864 4062 imperatorem,
887 3993 918 4042 et
939 3980 1060 4042 minore
1081 3977 1259 4042 discrimine
1276 3979 1360 4040 sumi

335 4093 507 4174 principem
531 4115 624 4175 quam
647 4093 766 4176 quaeri.
