2959 4875
337 462 382 527 66
697 456 758 524 EX
784 455 1016 525 HISTORIIS

342 637 383 701 ad
413 634 624 721 germanicum
660 633 832 701 exercitum
865 638 993 717 legatos.
1055 636 1202 718 agitatum
1235 652 1364 716 secreto,

340 776 417 817 nnm
436 767 467 816 et
486 756 560 819 Piso
579 752 831 835 proficisceretur
849 758 967 830 majore
987 764 1162 834 praetextu,
1186 754 1232 815 illi
1256 767 1365 817 aucto-

339 872 463 933 ritatem
489 882 615 933 eenatue
643 870 697 931 hic
723 867 933 949 dignationem
961 868 1093 929 caesarie
1119 868 1253 931 laturus.
1295 872 1365 951 pla·

341 986 430 1047 cebat
458 995 489 1044 et
509 982 669 1045 Laconem
695 982 846 1063 praetorIi
871 982 1063 1063 praesectum
1089 981 1182 1043 eimul
1208 984 1305 1045 mitti:
1337 984 1363 1047 is

340 1102 474 1165 coneilio
494 1099 678 1163 intercessit.
717 1099 812 1178 legati
834 1120 962 1182 quoque
984 1098 1072 1180 (nam
1091 1114 1216 1163 eenatue
1238 1101 1363 1163 electio-

342 1238 414 1280 nem
431 1218 551 1279 Galbae
568 1214 765 1297 permiserat)
787 1214 880 1277 foeda
897 1215 1105 1279 inconstantia
1124 1216 1284 1296 nominati,
1306 1239 1362 1280 ex-

341 1335 450 1412 caeati,
472 1332 631 1396 eubetituti
650 1332 772 1396 ambitu
790 1329 975 1393 remanendi
996 1330 1175 1411 emeandi,
1195 1346 1232 1395 ut
1253 1356 1361 1419 quem·

341 1468 405 1531 que
425 1456 530 1511 metue
547 1448 599 1509 vel
619 1465 690 1527 epee
710 1444 891 1526 impulerat.
1140 1447 1144 1453 '

259 1547 327 1610 ¹²²⁰
426 1560 471 1649 (a.
493 1561 550 1640 ott)
576 1560 691 1624 lnlecit
710 1581 749 1621 ea
769 1562 855 1623 tabee
881 1559 1041 1640 legionum
1069 1581 1196 1644 quoque
1218 1574 1249 1624 et
1269 1562 1361 1625 auxi·

339 1677 457 1741 liorum
482 1684 583 1739 motat
606 1680 671 1754 jam
691 1686 829 1751 mentes,
858 1688 1025 1758 postquam
1045 1675 1205 1757 vulgatum
1225 1690 1294 1739 erat
1312 1678 1361 1739 la-

339 1795 417 1855 bare
436 1793 606 1872 germanici
626 1792 781 1853 exercituo
794 1788 906 1853 iidem.

258 1900 326 1962 ¹2³¹
423 1905 469 1991 (a.
488 1902 624 1990 settin
644 1903 791 1985 anepiciie
811 1907 925 1967 urbem
941 1904 1097 1985 ingreos'ue¹
1117 1928 1211 1991 quam
1226 1906 1361 1987 gloriam

338 2020 380 2085 ad
407 2021 619 2103 principatum
648 2018 752 2081 attulit
779 2019 841 2080 nisi
866 2018 960 2082 occisi
980 2018 1163 2084 Obultronii
1189 2020 1299 2084 Sabini
1329 2036 1361 2086 ct

338 2134 481 2198 Cornelii
497 2132 642 2195 Maieelli
659 2132 695 2193 in
713 2131 884 2213 Hispania,
912 2132 1006 2193 Betui
1026 2132 1167 2197 Chilonis
1187 2136 1221 2197 in
1247 2136 1359 2217 Gallia,

337 2248 454 2311 Fontei
473 2247 636 2329 Capitonis
655 2248 690 2309 in
719 2246 907 2323 Germania,
936 2246 1039 2311 Clodii
1058 2249 1164 2312 Macri
1185 2250 1220 2311 in
1241 2252 1358 2331 Africa,

337 2358 485 2442 Cingonii
505 2358 539 2421 in
561 2358 629 2436 via,
660 2359 837 2444 Turpiliani
858 2361 890 2421 in
914 2362 1012 2442 urbe,
1042 2362 1228 2448 Nymphidii
1247 2366 1279 2429 in
1306 2388 1358 2430 ca·
1465 2394 1466 2420 t

336 2470 433 2536 atria?
448 2469 478 2558 *)

254 2581 323 2643 1,49
424 2589 469 2668 (a.
491 2587 547 2664 69)
569 2586 645 2650 dum
664 2588 789 2670 vigebat
808 2599 902 2668 actae,
924 2589 1051 2653 militari
1062 2589 1156 2654 laude
1174 2591 1259 2676 apud
1276 2592 1358 2658 Ger·
1464 2587 1465 2606 ¹

337 2701 458 2764 maniae
475 2701 594 2764 floruit.
607 2699 655 2784 **)

255 2819 322 2882 ¹‚50
422 2815 467 2896 (a.
489 2813 546 2893 69)
574 2813 744 2897 Trepidam
770 2817 881 2878 urbem
906 2837 942 2878 ac
968 2818 1062 2881 simul
1087 2822 1278 2886 atrocitatem
1303 2845 1356 2887 re·

334 2928 433 2990 centia
461 2927 586 2990 ecelerie
615 2928 709 2989 eimul
736 2938 858 2990 veteres
890 2927 1023 2994 Othonis
1052 2955 1155 2999 moret
1187 2951 1356 3019 paventem

333 3057 437 3102 notua
463 3041 595 3121 insuper
622 3037 661 3100 de
686 3040 815 3102 ViteIIIo
841 3042 970 3105 nuntius
997 3051 1152 3110 exterruit
1181 3065 1251 3114 ante
1283 3073 1356 3115 cae-

334 3147 406 3214 dem
422 3151 540 3216 Galbae
560 3171 757 3234 euppreeeue‚
778 3165 814 3214 ut
832 3166 954 3218 tantum
974 3162 1145 3241 euperiorie
1167 3163 1356 3231 Germaniae

333 3267 506 3328 exercitum
534 3264 699 3331 deecittieee
728 3265 908 3332 crederetur
930 3317 1093 3339 ......
1139 3277 1233 3343 Nunc
1262 3282 1355 3346 initia

332 3398 502 3462 cautaeque
521 3395 625 3444 motue
644 3380 798 3444 vitelliani
819 3383 994 3466 expediam.

248 3501 315 3564 tol
418 3493 519 3557 Gaeeo
552 3515 624 3556 cum
656 3496 804 3558 omnibue
838 3499 936 3580 copiie
971 3499 1055 3566 Julio
1089 3505 1222 3570 Vindice
1258 3508 1355 3574 lerox
1459 3549 1460 3570 r

329 3607 447 3692 praeda
464 3607 627 3692 gloriaque
653 3610 825 3688 exercituo,
853 3627 889 3676 ut
915 3616 966 3678 cui
992 3618 1058 3680 eine
1078 3620 1188 3683 labore
1209 3643 1244 3683 ac
1264 3623 1355 3704 peri-
1459 3593 1460 3643 I

329 3727 400 3788 culo
430 3722 571 3787 ditieeimi
597 3725 673 3786 belli
698 3727 829 3790 victoria
857 3733 1025 3810 evenisset,
1059 3733 1290 3817 expeditionem
1319 3747 1354 3797 et
1458 3757 1459 3790 t

328 3837 436 3916 aciem,
456 3838 595 3921 praemia
616 3859 711 3923 quam
728 3841 883 3923 stipendia
900 3846 1044 3911 malebat.
1084 3848 1152 3910 Diu
1171 3849 1353 3913 infructuo·

381 4059 410 4125 *)
427 4062 508 4116 verbe
523 4071 584 4120 tunt
600 4066 711 4122 Othonia
726 4069 754 4123 ln
772 4069 892 4125 Galbam.

368 4157 407 4226 ·')
425 4159 518 4215 Galba.
