2959 4875
544 382 779 452 nasutum
1021 402 1026 407 ·
1153 391 1173 452 7

147 564 331 626 coeuntium
354 565 542 624 absumitur.
583 561 627 624 Ut
647 563 760 626 turbae
780 559 911 644 placuit,
933 563 1099 626 considunt
1123 587 1174 626 ar-

149 678 234 739 mati.
289 676 455 738 Silentium
480 695 538 755 per
565 673 758 751 sacerdotes,
786 676 902 757 quibus
929 689 994 736 tum
1025 690 1056 736 et
1084 698 1173 738 coer·

148 793 240 854 cendi
278 799 329 870 jus
369 806 431 868 est,
473 795 655 874 imperatur.
714 793 796 853 Mox
836 814 895 854 rex
930 797 980 856 vel
1018 797 1172 876 princeps,

147 924 245 990 prout
266 923 351 970 aetas
373 911 505 990 cuique,
537 921 632 988 prout
660 909 828 983 nobilitas,
858 924 953 988 prout
980 908 1075 969 decus
1106 912 1172 970 bel-

146 1027 270 1099 lorum,
298 1035 395 1102 prout
422 1021 568 1085 facundia
594 1036 657 1098 est,
690 1020 865 1084 audiuntur
891 1024 1073 1086 auctoritate
1100 1045 1172 1084 sita·

147 1137 244 1202 dendi
269 1139 366 1217 magis
388 1159 481 1220 quam
504 1135 635 1216 jubendi
655 1149 819 1219 potestate.
861 1140 888 1201 si
916 1137 1073 1219 displicuit
1099 1161 1171 1202 sen·

147 1255 262 1331 tentia,
290 1253 418 1314 fremitu
445 1266 669 1333 aspernantur3
701 1255 752 1316 sin
776 1255 910 1335 placuit,
939 1255 1074 1316 fratreas
1094 1275 1170 1315 cou-

145 1370 280 1432 cutiunt.
321 1370 597 1432 honoratissimum
623 1390 767 1434 assensus
793 1391 892 1450 genus
918 1382 965 1430 est
987 1372 1080 1430 armis
1101 1359 1170 1432 lan-

146 1483 236 1544 dare.
276 1483 366 1545 Licet
387 1481 472 1562 apud
496 1486 663 1546 concilium
689 1504 833 1547 accusare
855 1505 984 1567 quoque
1010 1499 1042 1546 et
1062 1482 1220 1547 diceri-12

146 1616 222 1656 men
244 1595 349 1676 capitis
373 1594 547 1658 intendere.
591 1597 760 1658 Distinctio
780 1619 957 1678 poenarum
980 1619 1021 1659 ex
1039 1597 1170 1660 delicto:

143 1706 324 1790 proditores
346 1721 376 1770 et
398 1709 575 1788 transfugas
604 1710 771 1771 arboribus
799 1709 1013 1792 suspendunt,
1040 1710 1170 1789 ignavos

100 1861 108 1872 ι
142 1835 177 1884 et
197 1824 339 1884 imbelles
359 1834 389 1884 et
411 1842 544 1904 corpore
565 1823 698 1884 infames
720 1844 821 1886 coeno
843 1846 878 1886 ac
899 1824 1033 1906 palude,
1056 1826 1169 1900 injecta

139 1937 279 2016 insuper
300 1949 398 2013 crate,
418 1949 574 2016 mergunt.
618 1935 782 1998 diversitas
804 1937 950 2018 supplicii
969 1937 1048 1999 illud
1068 1936 1169 2018 respi-

141 2050 202 2126 cit,
240 2061 387 2132 tanquam
406 2050 523 2112 scelera
545 2047 669 2111 ostendi
690 2062 852 2130 oporteat,
886 2048 961 2110 dum
983 2049 1169 2130 puniuntur,

141 2165 261 2244 flagitia
290 2164 448 2228 abscondi.
489 2164 552 2228 Sed
580 2179 611 2228 et
638 2167 814 2228 levioribus
842 2163 961 2227 delictis
988 2182 1046 2244 pro
1075 2159 1169 2222 modo

140 2299 265 2358 poena;
293 2298 446 2361 equorum
470 2299 684 2362 pecorumque
707 2300 841 2342 numero
863 2279 996 2342 convicti
1016 2279 1169 2340 mulctan-

141 2408 206 2457 tur.
218 2414 321 2505 ·pars
341 2396 476 2457 mulctae
500 2397 566 2475 regi
586 2396 638 2459 vel
659 2395 793 2472 civitati,
821 2416 897 2476 pars
915 2397 994 2475 ipsi,
1021 2392 1076 2476 qui
1097 2394 1167 2457 vin·

142 2508 283 2588 dicatur,
311 2509 362 2572 vel
391 2510 580 2591 propinquis
608 2514 674 2586 ejus
704 2509 887 2571 exsolvitur.
936 2509 1104 2588 Eliguntur
1135 2506 1168 2571 in

141 2621 252 2685 iisdem
281 2620 420 2687 conciliis
444 2633 475 2681 et
497 2620 671 2702 principes,
701 2621 757 2704 qui
777 2626 848 2698 jura
870 2644 927 2703 per
951 2641 1046 2702 pagos
1066 2621 1168 2682 vicos·

142 2760 205 2820 que
231 2736 378 2799 reddunt.
422 2738 545 2797 centeni
573 2734 702 2813 siugulis
732 2756 774 2795 ex
795 2736 887 2815 plebe
910 2736 1039 2795 comites
1066 2732 1168 2795 consi·

141 2855 220 2915 lium
240 2854 334 2915 simul
355 2864 386 2913 et
407 2851 573 2915 auctoritas
596 2848 718 2911 adsunt.

226 2968 316 3031 Nihil
336 2979 439 3032 autem
464 2990 567 3050 neque
586 2968 730 3049 publicae
751 2984 855 3047 neque
876 2962 1017 3044 privatas
1039 2960 1086 3021 rei
1107 2959 1168 3018 nisi
1184 2976 1216 3024 13

142 3084 254 3145 armati
276 3094 381 3163 agunt.
424 3080 479 3145 sed
499 3104 585 3145 arma
607 3102 730 3145 stimere
752 3103 818 3144 nou
841 3093 912 3143 ante
931 3080 1077 3158 cuiquam
1100 3096 1168 3135 mo-

140 3198 201 3273 ris,
228 3218 324 3281 quam
345 3198 452 3261 civitas
474 3199 679 3261 suffecturum
704 3198 896 3279 probaverit.
938 3195 966 3253 T
969 3215 1021 3255 run
1042 3191 1076 3250 in
1098 3192 1167 3269 ipso

141 3314 275 3375 concilio
296 3313 347 3375 vel
369 3312 549 3393 principum
576 3313 688 3394 aliquis
713 3311 765 3375 vel
784 3321 876 3391 pater
895 3310 948 3372 vel
967 3306 1167 3388 propinquus

141 3441 229 3491 scuto
253 3428 434 3510 frameaque
455 3432 602 3504 juvenem
624 3440 756 3504 ornant3
784 3428 862 3487 haec
884 3420 969 3505 apud
989 3424 1061 3485 illos
1086 3435 1168 3514 toga,

141 3542 191 3601 hic
214 3542 334 3623 primus
354 3545 500 3618 juventae
521 3542 644 3603 honos:
667 3554 738 3603 ante
757 3542 818 3603 boc
834 3537 946 3601 domus
962 3558 1036 3621 pars
1057 3535 1168 3601 riden-

140 3669 207 3735 tur,
235 3678 314 3719 mox
337 3657 539 3737 reipublicae.
581 3657 713 3736 Insignis
735 3658 881 3719 nobilitas
904 3666 959 3716 aut
977 3672 1091 3729 magna
1111 3670 1168 3727 pa·
1198 3707 1201 3711 .

143 3785 225 3835 trum
255 3772 367 3833 merita
391 3772 542 3852 principis
574 3769 786 3851 dignationem
811 3769 904 3829 etiam
931 3762 1167 3825 adolescentulis

142 3888 318 3965 assignant;
345 3884 457 3946 ceteris
485 3885 716 3945 robustioribus
738 3904 773 3945 ac
798 3888 860 3959 jam
883 3875 1006 3959 priden'i
1026 3875 1167 3957 probatis

142 4010 365 4079 aggregantur,
397 4018 454 4058 nec
487 3999 588 4057 rubor
619 3998 703 4057 inter
736 3996 863 4057 comites
896 3988 1002 4071 aspici.
1052 3987 1167 4069 gradus

142 4113 220 4193 quin
253 4114 346 4175 ctiam
379 4110 446 4193 ipse
478 4110 642 4177 comitatus
675 4110 770 4175 habet
802 4104 917 4185 judicio
952 4106 1035 4182 ejus,
1074 4121 1168 4185 quem
1251 4104 1255 4108 ’
