2959 4875
323 422 368 491 92
407 414 418 427 '
670 422 733 491 nx
758 420 992 491 HISTORIIS

240 609 311 673 aas
409 598 488 661 Dux
510 608 643 681 uterque
663 598 734 678 pari
763 596 855 678 culpa
876 594 1005 657 meritus
1035 591 1165 658 adversa
1186 596 1354 677 prosperis

323 710 465 776 defuere.
511 733 585 775 nam
615 710 742 789 Civilis,
774 711 802 774 si
828 710 1002 789 majoribus
1026 710 1125 791 copiis
1150 706 1353 773 instruxisset
1465 680 1466 725 ξ

324 826 421 889 aciem
452 825 609 887 ciccundsi
624 833 652 885 'a
675 838 741 887 tam
766 824 876 907 pacatis
905 824 1087 887 cohortibus
1115 824 1276 909 nequisset
1296 848 1350 888 ca·

324 954 450 1023 suaque
471 952 624 1022 perrupta
645 938 835 1002 exscidisset.
877 937 1002 1001 Vocula
1022 958 1079 999 nec
1098 936 1268 1001 adventum
1286 941 1349 1001 ho·

323 1054 417 1116 stium
440 1053 619 1135 exploravit
647 1072 750 1135 eoquo
780 1050 873 1114 simul
902 1070 1042 1130 egressus
1062 1051 1243 1135 victusque,
1273 1052 1346 1115 dein

322 1169 473 1232 victoriae
501 1190 614 1251 parum
644 1169 781 1231 confisus
802 1166 883 1229 tritis
910 1166 1028 1229 frustra
1050 1164 1160 1228 dicbus
1186 1178 1285 1228 castra
1311 1166 1348 1226 in
1467 1209 1468 1285 q

322 1282 442 1344 bostem
471 1283 586 1362 movit,
608 1304 705 1366 quem
728 1285 757 1345 si
777 1285 880 1345 statIm
903 1282 1065 1363 impellere
1085 1301 1275 1364 cursumque
1295 1302 1348 1343 re-

321 1418 393 1458 rum
415 1397 506 1481 sequi
529 1410 732 1478 maturasset,
765 1400 888 1461 solvere
918 1396 1075 1460 obsidium
1102 1397 1261 1475 leglenum
1290 1414 1347 1455 eo·

322 1512 394 1573 dem
423 1513 542 1596 impetu
572 1514 685 1596 potuit.
734 1515 926 1578 Tentaverat
952 1514 1076 1576 interim
1104 1511 1212 1576 Civilis
1240 1513 1348 1573 obses·

323 1648 433 1691 sorum
451 1627 591 1706 animos,
620 1640 771 1711 tanquam
793 1627 935 1711 perditae
957 1625 1040 1708 apud
1062 1626 1221 1689 Romanos
1240 1643 1292 1687 res
1315 1636 1348 1686 et

323 1743 388 1803 suis
408 1743 541 1804 victoria
559 1742 769 1822 provenisset.
812 1741 1111 1804 circumferebantur
1130 1740 1217 1818 signa
1242 1738 1349 1800 vexil-

321 1856 426 1937 laque,
449 1855 594 1916 ostentati
615 1854 708 1916 etiam
730 1853 856 1935 captiti,
878 1873 918 1915 ex
939 1852 1055 1936 quibus
1081 1874 1163 1914 unus
1185 1850 1348 1931 egregium

321 1966 442 2029 facinus
463 1986 557 2028 ausus
582 1968 666 2029 clara
686 1988 764 2031 voce
786 1978 871 2047 gesta
891 1965 1053 2047 patefecit,
1076 1966 1346 2029 confossus'illico

321 2103 342 2142 a
361 2080 545 2143 Germanias
571 2078 656 2143 unde
678 2084 780 2157 maior
800 2076 898 2143 indici
920 2076 1008 2142 fides.
1046 2078 1150 2143 'Siroul
1170 2080 1346 2143 vastatIone

320 2195 536 2279 incendiisque
556 2194 756 2274 flagrantium
778 2194 924 2257 uillarum
944 2194 1053 2258 renim
1075 2196 1227 2259 victorem
1253 2216 1346 2257 exer·

321 2311 418 2372 citum
445 2310 691 2389 intelligebatur.
736 2310 775 2371 In
799 2322 966 2391 conspectu
995 2324 1170 2373 castrorum
1199 2310 1347 2373 constitui

320 2424 408 2504 signa
445 2425 624 2508 fossamque
659 2434 690 2486 et
720 2425 843 2489 uallum
874 2424 1060 2488 circumdari
1088 2427 1211 2489 Vocula
1244 2428 1346 2505 jubet,

320 2539 469 2621 depositis
502 2538 735 2622 impedimentis
770 2541 964 2625 sarcinisque
1003 2540 1143 2622 expediti
1179 2553 1346 2604 certarent.

319 2656 403 2718 Hinc
423 2657 457 2718 in
480 2655 591 2719 ducem
623 2659 744 2721 clamor
773 2663 909 2738 pugnam
931 2656 1139 2739 poscentium.
1180 2669 1213 2718 et
1230 2654 1346 2718 minari

319 2783 530 2834 assueverant.
571 2791 612 2832 ne
638 2783 781 2854 tempore
804 2769 932 2854 quidem
954 2769 992 2832 ad
1015 2769 1222 2833 ordinandam
1246 2769 1345 2834 aciem

320 2895 411 2965 capto
446 2883 647 2964 incompositi
680 2884 818 2966 fessique
851 2883 1008 2964 proelium
1046 2903 1217 2965 sumpsere.
1269 2905 1345 2946 nam

320 2995 428 3059 Civilis
449 2994 574 3073 aderat,
608 3015 675 3058 non
697 2997 802 3058 minus
824 2994 909 3058 vitiis
937 2995 1074 3058 hostium
1104 3017 1200 3080 quam
1227 2997 1344 3063 virtute

319 3129 451 3172 suorum
472 3110 581 3176 fretus.
624 3112 723 3174 Varia
745 3110 830 3193 apud
850 3109 1010 3175 Romanos
1031 3113 1177 3192 fortuna,
1201 3103 1237 3174 'et
1261 3108 1346 3174 sedi-

319 3225 504 3288 tiosissimus
529 3228 663 3310 quisquc
690 3227 832 3307 ignavus.
881 3227 1009 3311 quidam
1033 3227 1166 3290 recentis
1191 3225 1344 3292 victumae

319 3359 475 3404 memores
496 3345 631 3406 renuere
653 3346 769 3420 Iocttm,
791 3343 886 3406 ferire
908 3345 1040 3422 hostem,
1062 3363 1159 3426 seque
1179 3354 1211 3404 et
1229 3343 1345 3422 proxi·

317 3471 388 3515 mos
416 3453 554 3529 hortari,
588 3466 619 3515 et
648 3453 858 3535 redintegrata
889 3456 954 3516 acic
984 3478 1097 3519 mantus
1126 3455 1165 3520 ad
1197 3457 1345 3520 obsessos

316 3563 462 3642 tendere,
489 3585 530 3626 ne
554 3568 690 3650 tempori
715 3567 871 3634 deessent.
912 3571 963 3633 Illi
983 3577 1094 3636 cuncta
1115 3591 1132 3632 e
1153 3573 1252 3634 mitris
1274 3591 1344 3634 cer-

319 3695 429 3744 nentes
461 3682 609 3747 omnibus
639 3686 739 3766 portis
768 3693 990 3768 prorumpunt.
1043 3689 1089 3750 Ac
1119 3689 1200 3752 forte
1232 3686 1343 3752 Civilis

318 3796 409 3875 lapsu
432 3800 506 3880 equi
527 3811 719 3882 prostratus,
751 3798 866 3864 credita
892 3821 952 3883 per
977 3814 1148 3884 unumque
1169 3797 1344 3864 exercitum

319 3907 419 3985 fama,
450 3913 649 3977 uulneramm
680 3927 735 3976 aut
764 3915 980 3993 interfectum,
1015 3915 1152 3978 immane
1186 3927 1343 4000 quantum

319 4018 384 4082 suis
406 4025 533 4100 pavoris
556 4037 586 4086 et
607 4027 751 4090 hostibus
773 4026 936 4091 alacritatis
957 4025 1080 4091 indidit.

236 4145 305 4207 ⁴2³⁵
404 4131 465 4196 Sed
494 4139 617 4200 Vocula
644 4142 766 4204 omissis
792 4141 977 4221 fugientium
1008 4141 1101 4223 tergis
1128 4143 1246 4208 vallum
1271 4151 1343 4204 tur-
