2959 4875
528 405 764 476 ernustus
1132 415 1154 478 s
1209 391 1213 396 ’

33 545 35 638 ,ἵ
130 597 160 644 et
181 547 397 646 infirmissimo
418 579 533 664 cuique
555 601 594 643 ex
618 582 743 644 familia.
786 583 850 666 lpsi
868 585 986 648 hebent
1005 586 1085 650 mira
1106 585 1155 648 di·

33 691 35 732 ³
129 701 279 790 versitate
298 711 448 776 naturae,
478 719 576 780 quum
593 697 688 760 iidem
708 701 852 764 homines
878 703 923 765 sic
943 716 1048 764 ament
1070 705 1154 765 iner-

33 801 34 806 ἵ
130 818 207 878 tiam
224 809 269 878 ‘et
298 812 423 876 oderint
454 815 601 895 quietem.
647 815 721 877 Mos
743 829 791 878 est
812 817 989 880 civitatibus
1012 821 1094 882 ultro
1119 842 1154 882 ac

33 991 34 1000 ,
130 933 251 996 viritim
272 932 417 995 conferre
435 930 629 1011 principibus
648 934 698 995 vel
720 945 933 995 armentorum
951 937 1002 997 rel
1019 937 1155 1016 frugum,

133 1045 221 1131 quod
236 1065 297 1128 pro
313 1045 435 1107 honore
455 1059 615 1127 acceptum
633 1047 726 1109 etiam
743 1049 977 1113 necessitatibus
999 1053 1155 1114 subvenit.

33 1205 34 1210 κ
133 1161 269 1242 gaudent
288 1163 455 1242 praecipue
476 1160 678 1225 finitimarum
698 1165 835 1243 gentium
858 1163 963 1243 donis,
985 1186 1067 1247 quae
1089 1186 1154 1228 uon

134 1275 227 1339 modo
258 1297 278 1337 a
308 1275 454 1354 singulis,
489 1275 544 1336 sed
574 1279 699 1358 publice
730 1279 914 1355 mittuntur,
948 1280 1038 1340 electi
1068 1280 1154 1362 equi,

136 1413 246 1470 magua
274 1411 378 1465 amna,
412 1389 560 1470 phalerae
587 1402 790 1474 torquesque.
832 1392 900 1452 Jarn
932 1404 962 1454 et
990 1393 1154 1474 pecuniam

135 1507 274 1588 accipere
296 1502 471 1566 docuimus.

213 1617 325 1681 Nullas
344 1617 575 1678 Germanorum
594 1617 720 1702 popplis
739 1619 833 1678 urbes
852 1617 987 1688 habitari
1005 1619 1079 1680 satis
1096 1638 1156 1680 uo·
1168 1629 1206 1678 to

135 1747 200 1794 tum
221 1743 285 1811 est3
305 1753 347 1792 ne
368 1731 435 1812 pati
457 1729 584 1814 quidem
605 1733 689 1792 inter
709 1751 742 1793 se
762 1735 884 1810 junctas
905 1731 1005 1794 sedes.
1048 1735 1155 1796 colunt

134 1847 314 1910 discretior
334 1843 460 1922 diversi,-
480 1857 513 1906 ut
529 1847 610 1922 fons,
631 1859 667 1906 ut
688 1867 824 1930 campus,
845 1859 881 1908 ut
901 1868 1011 1910 nemus
1026 1850 1154 1931 placuit.

133 1962 234 2022 Vicus
261 1963 382 2030 locant,
410 1981 477 2020 nou
504 1958 539 2020 in
568 1973 711 2022 nostrum
732 1981 854 2022 morem
876 1963 1026 2023 connexis
1049 1973 1080 2022 et
1101 1981 1155 2024 co·

133 2073 338 2136 haerentibus
364 2071 525 2136 aedificiis:
555 2093 644 2134 suam
668 2075 801 2155 quisque
823 2073 951 2137 domum
972 2075 1073 2156 spatio
1095 2074 1155 2135 cir·

134 2188 269 2265 cumdat,
295 2189 361 2250 sive
383 2187 531 2250 adversus
554 2206 644 2248 casus
663 2186 744 2266 ignis
765 2185 948 2263 remedium,
976 2188 1041 2251 sive
1063 2187 1156 2249 insci·

134 2302 174 2364 tia
193 2299 388 2364 aedificandi.
427 2300 476 2362 Ne
499 2313 730 2364 caementorum
753 2299 880 2383 quidem
902 2301 986 2382 apud
1008 2302 1081 2364 illos
1102 2314 1156 2362 aut

135 2419 309 2497 tegularum
331 2436 425 2478 usus:
453 2413 583 2477 materia
612 2413 651 2475 ad
680 2415 786 2479 omnia
814 2427 945 2477 utuntur
970 2415 1100 2477 informi
1125 2425 1156 2477 et

134 2534 209 2597 citra
232 2534 367 2615 speciem
393 2543 447 2594 aut
469 2532 713 2594 delectationem.
757 2530 911 2613 quaedam
936 2532 1005 2593 loca
1027 2526 1157 2611 diligen·

134 2647 193 2709 tius
216 2650 347 2720 illinunt
368 2660 453 2709 terra
473 2651 517 2709 ita
540 2667 620 2729 pura
642 2670 677 2711 ac
705 2646 907 2729 splendente,
940 2660 974 2709 ut
1001 2647 1154 2728 picturam

135 2782 169 2823 ac
184 2763 376 2824 lineamenta
397 2764 538 2824 colorum
557 2762 708 2823 imitetur.
751 2761 863 2823 Solent
883 2772 914 2823 et
935 2764 1157 2823 subterraneos

134 2898 243 2959 specus
264 2878 389 2959 aperire
411 2898 528 2960 eosque
551 2879 650 2940 multo
672 2876 804 2958 insuper
823 2876 897 2938 limo
920 2888 1068 2952 onerant,
1091 2875 1157 2937 suf·

134 2996 256 3075 fugium
281 2994 379 3056 hiemi
407 3007 438 3055 et
464 2996 697 3074 receptaculum
725 2994 885 3071 frugibus:
917 2992 994 3073 quia
1018 2991 1157 3070 rigorem

134 3110 288 3189 frigorum
317 3104 470 3183 ejusmodi
498 3109 574 3169 locis
603 3107 766 3183 molliunt,
798 3119 829 3167 et
852 3106 879 3166 si
903 3103 1032 3187 quaudo
1058 3104 1157 3166 hostis

33 3226 34 3253 ³
133 3223 276 3302 advenit,
307 3236 416 3305 aperta
435 3226 623 3305 populatur,
652 3221 758 3284 abdita
781 3235 887 3283 autem
908 3234 939 3281 et
959 3218 1081 3283 defossa
1104 3232 1158 3282 aut

132 3338 319 3417 ignorantur
340 3349 394 3400 aut
415 3357 452 3399 eo
472 3337 541 3417 ipso
563 3339 675 3398 fallunt
698 3334 784 3419 quod
806 3332 988 3417 quaerenda
1010 3347 1094 3397 sunt.

215 3452 379 3531 Tegumen
402 3454 549 3517 omnibus
576 3474 698 3535 sagum,
722 3454 821 3515 fibula
843 3466 897 3515 aut
918 3452 945 3514 si
966 3450 1046 3515 desit
1066 3454 1157 3533 spina
1172 3475 1207 3523 ιγ

33 3540 35 3587 ³
132 3578 331 3643 consertum3
361 3579 463 3629 cetera
490 3569 596 3629 intecti
616 3580 698 3630 totos
721 3566 787 3630 dies
814 3572 904 3645 juxta
931 3567 1036 3629 locum
1061 3577 1156 3644 atque

130 3677 236 3756 ignem
267 3693 372 3758 agunt.
425 3680 676 3761 Locupletissimi
707 3692 794 3743 veste
827 3679 1060 3757 distinguuntur
1089 3694 1156 3735 non

33 3778 34 3783 ἵ
131 3792 288 3870 fluitante,
314 3794 393 3855 sicut
415 3793 576 3857 Sarmatae
598 3816 633 3857 ac
654 3797 772 3871 Parthi,
795 3794 851 3856 sed
872 3793 977 3855 stricta
998 3802 1029 3851 et
1049 3789 1156 3869 singu-

33 3906 34 3927 *
130 3908 181 3969 los
202 3920 291 3969 artus
314 3908 521 3991 exprimente.
564 3908 685 3971 Gerunt
707 3920 737 3969 et
758 3910 897 3969 ferarum
919 3904 1027 3983 pelles,
1049 3907 1158 3985 proxi·

130 4022 176 4085 mi
200 4022 289 4105 ripae
317 4024 525 4105 negligenter,
555 4025 721 4087 ulteriores
750 4020 954 4103 exquisitius,
983 4032 1020 4082 ut
1041 4022 1156 4103 quibus

132 4137 240 4199 nullus
261 4154 321 4219 per
342 4140 528 4203 comntercia
550 4140 661 4201 cultus.
703 4137 822 4217 eligunt
842 4136 940 4211 feras,
968 4146 999 4195 et
1020 4132 1156 4201 detracta
