2959 4875
539 431 772 498 euentum
879 416 885 428 ’
1125 431 1166 498 tt

227 607 323 672 Potui
343 607 461 670 humor
484 627 523 668 ex
553 603 673 668 hordeo
696 618 751 666 aut
772 607 929 669 frumento
953 606 987 668 in
1009 604 1214 690 quandamta
1294 603 1298 610 ’

139 725 378 790 similitudinem
410 725 476 788 vini
505 737 690 805 corruptus3
724 724 864 804 proximi
884 724 973 804 ripae
1000 735 1031 786 et
1056 724 1166 787 vinum

140 853 334 903 mercantur.
378 837 451 901 Cibi
470 837 643 918 simplices:
676 837 808 915 agrestia
828 857 939 918 poma,
969 855 1078 898 recens
1099 836 1166 898 fera

139 968 196 1016 aut
226 957 274 1014 lac
306 966 496 1016 concretum.
538 951 614 1013 Sine
646 964 813 1034 apparatu,
847 951 915 1014 sine
946 950 1166 1014 blandimentis

140 1070 305 1149 expellunt
324 1069 457 1145 iamem3
490 1065 641 1131 adversus
666 1067 748 1128 sitim
771 1087 836 1129 non
859 1064 968 1129 eadem
990 1079 1167 1149 temperan-

139 1183 197 1243 tia.
246 1182 281 1244 Si
301 1181 472 1244 indulseris
492 1182 635 1243 ebrietati
656 1179 851 1260 suggerendo
875 1193 1028 1263 qtrantum
1050 1202 1166 1244 concu-

139 1295 284 1376 piscunt,
304 1295 391 1357 haud
413 1297 516 1359 minus
538 1297 628 1358 facile
648 1297 732 1362 vitiis
756 1318 850 1381 quam
875 1298 968 1359 armis
989 1297 1165 1361 vincentur.

229 1412 337 1474 Genus
364 1414 612 1494 spectaculorum
641 1433 739 1476 unum
772 1426 868 1496 atque
895 1415 929 1474 in
958 1416 1045 1476 onrni
1073 1413 1214 1478 coeto²4

140 1526 237 1590 idem.
278 1527 366 1592 Nudi
385 1534 528 1608 juvenes,
550 1529 665 1613 quibus
686 1527 717 1590 id
740 1528 894 1592 ludicrum
918 1543 978 1608 est,
998 1530 1082 1590 inter
1101 1532 1166 1608 gla-

140 1637 213 1703 dios
234 1663 267 1706 se
290 1655 384 1725 atque
405 1644 533 1706 infestas
555 1646 688 1706 frameas
709 1646 791 1706 saltu
814 1645 942 1722 jaciunt.
984 1645 1165 1713 exercitatio

141 1768 242 1817 artem
272 1759 411 1838 paravit,
439 1779 490 1819 ars
520 1757 682 1838 decorem3
713 1779 777 1821 non
806 1759 841 1820 in
870 1771 1046 1842 quaestum·
1060 1771 1166 1822 tamen

140 1883 199 1932 aut
228 1871 417 1949 mercedem,
453 1873 596 1955 quamvis
626 1871 752 1934 audacis
782 1873 926 1936 lasciviae
953 1872 1090 1954 pretium
1119 1884 1167 1936 est
1201 1859 1207 1874 ⁸

140 1986 294 2064 voluptas
315 1986 524 2066 spectantium.
567 1987 686 2063 Meam,
710 1985 796 2068 quod
817 1990 940 2068 mirere,
960 1989 1060 2051 sobrii
1082 1988 1166 2051 inter

140 2099 224 2160 seria
252 2113 410 2180 exercent,
433 2113 519 2162 tanta
539 2097 684 2162 lucrandi
704 2098 895 2180 perdendive
916 2101 1098 2177 temeritate,
1120 2114 1165 2179 ut,

143 2235 243 2297 quum
268 2217 373 2278 omnia
393 2214 583 2292 deiecerunt,
609 2227 751 2277 extremo
773 2236 808 2276 ac
828 2214 1001 2278 novissimo
1020 2221 1103 2293 jactu
1125 2214 1166 2278 de

142 2331 288 2392 libertate
317 2353 352 2393 ac
374 2328 412 2390 de
434 2349 567 2412 corpore
590 2327 790 2393 contendant.
835 2329 934 2393 victus
954 2330 1166 2394 voluntariam

143 2447 327 2507 servitutem
355 2442 436 2507 adit:
473 2446 617 2527 quamvis
641 2447 804 2524 juvenior,
840 2448 983 2529 quamvis
1003 2449 1166 2509 robustior

143 2558 264 2639 alligari
285 2582 318 2622 se
341 2582 376 2622 ac
396 2561 505 2625 venire
526 2561 654 2642 patitur.
699 2583 736 2623 ea
764 2561 863 2623 estin
886 2582 923 2623 re
942 2582 1042 2642 prava
1060 2560 1165 2643 pervi-

144 2674 247 2735 cacia:
276 2673 339 2757 ipsi
359 2674 451 2737 fidem
475 2688 598 2741 vocant.
643 2676 758 2741 Servos
783 2675 975 2741 condicionis
993 2678 1087 2755 hujus
1108 2696 1166 2757 per

145 2790 331 2851 commercia
355 2788 500 2869 tradunt,
532 2800 569 2853 u't
589 2812 622 2853 se
648 2811 776 2874 quoque
797 2788 918 2872 pudore
939 2790 1089 2854 victoriae
1109 2809 1165 2850 ex·

144 2904 277 2965 solvant.

229 3018 350 3081 Ceteris
383 3019 480 3085 servis
512 3041 578 3083 non
610 3020 644 3083 in
676 3032 819 3084 nostrum
850 3036 968 3082 morem
1004 3012 1214 3097 descriptieto

146 3152 204 3213 per
226 3132 378 3195 familiam
399 3134 578 3197 ministeriis
599 3147 752 3197 utuntur:
784 3154 873 3195 suam
894 3130 1029 3215 quisque
1051 3128 1167 3206 sedem,

147 3266 219 3307 suos
244 3261 375 3327 penates
401 3248 490 3329 regit.
533 3246 697 3311 Frumenti
720 3244 849 3309 modum
869 3243 1015 3306 dominus
1037 3256 1092 3305 aut
1110 3264 1167 3325 pe·

148 3358 227 3419 coris
250 3372 305 3420 aut
332 3361 425 3425 vestis
453 3374 489 3423 ut
510 3363 624 3423 colono
647 3360 799 3439 injungit,
833 3372 863 3420 et
886 3377 996 3422 servus
1017 3360 1168 3421 hactenus

147 3486 251 3553 paret3
281 3487 384 3537 cetera
403 3475 516 3540 domus
541 3478 643 3540 officia
665 3498 749 3539 uxor
771 3497 807 3537 ao
825 3474 919 3537 liberi
941 3485 1167 3557 exsequuntur.

147 3586 326 3649 Verberare
348 3610 473 3655 servum
495 3612 530 3651 ae
550 3590 683 3651 vinculis
706 3602 737 3652 et
759 3610 854 3671 opere
877 3608 1021 3650 coercere
1039 3605 1167 3661 rarum3

149 3700 289 3762 occidere
314 3705 415 3765 solent
443 3723 509 3766 non
534 3703 696 3785 disciplina
725 3716 756 3765 et
784 3705 949 3769 severitate
970 3698 1025 3761 sed
1049 3699 1167 3779 impetu

150 3827 178 3875 et
206 3815 271 3895 ira,
305 3828 340 3877 ut
359 3816 538 3896 inimicum,
568 3818 630 3879 nisi
658 3817 746 3901 quod
774 3816 914 3898 impunc.
956 3809 1080 3872 Liberti
1101 3832 1168 3873 non

148 3932 281 3993 multum
302 3952 398 4013 supra
418 3954 526 3997 servos
549 3947 639 4012 sunt,
671 3953 747 3995 raro
770 3928 899 4013 aliquod
918 3940 1112 3989 momentum
1133 3929 1168 3989 in

150 4042 258 4121 domo,
282 4066 445 4129 nunquam
467 4049 501 4109 in
522 4049 660 4123 civitate,
682 4045 826 4126 exceptis
839 4042 990 4104 duntaxat
1010 4042 1049 4103 iis
1069 4042 1168 4120 genti-

149 4156 208 4219 bus
240 4180 323 4239 quaa
349 4172 530 4243 regnantur.
580 4160 627 4223 ibi
648 4160 738 4234 ¹enim
768 4172 802 4222 et
826 4179 922 4241 super
951 4157 1102 4239 ingenuos
1137 4166 1169 4215 et
