2959 4875
335 430 398 496 lli
679 424 741 491 llll
762 420 997 491 HISTORIIS

250 615 321 680 5,ss
421 606 462 665 At
486 600 594 665 Ciuilis
622 610 695 681 post
718 600 832 661 malem
859 598 894 659 in
921 596 1068 660 Treveris
1096 616 1233 678 pugnam
1263 616 1357 679 repa·

335 730 404 779 rato
426 736 484 795 per
513 714 715 779 Germaniam
740 713 880 775 exercitu
910 711 993 795 apud
1014 712 1132 773 Vetera
1158 724 1259 774 castra
1280 732 1357 775 con·

336 826 424 905 sedit,
445 838 531 889 tutus
542 828 630 905 loco,
652 839 683 889 et
703 837 740 892 ut
759 825 911 895 memoria
926 842 1151 906 prosperarum
1167 822 1230 887 illic
1247 844 1357 887 rerum

336 952 537 1019 augescerent
557 940 767 1001 barbarorum
789 936 894 1015 aniani.
943 936 1075 1001 Secutus
1096 950 1143 1001 est
1163 935 1276 1003 eodem
1295 937 1357 1001 Ge·

334 1055 420 1116 rialis
453 1052 618 1135 duplicatis
650 1054 748 1134 copiis
780 1049 917 1117 adventu
948 1049 1102 1115 secundae
1131 1063 1162 1113 et
1189 1062 1295 1115 sextae
1325 1063 1356 1113 et

336 1178 466 1248 quartae
497 1163 645 1226 decumae
675 1166 846 1243 legionum.
898 1165 1105 1246 cohortesque
1134 1175 1165 1226 et
1195 1165 1263 1227 alae
1291 1167 1356 1242 jam

334 1278 458 1360 pridem
488 1279 603 1338 accitae
635 1289 706 1358 post
734 1277 900 1342 uictoriam
928 1288 1187 1358 properaverant.
1234 1274 1357 1345 Neuter

334 1390 452 1464 ducum
466 1402 638 1458 cunctator.
679 1384 735 1451 sed
752 1390 885 1475 arcebat,
895 1385 1027 1451 latitudo
1046 1398 1228 1471 camporum
1243 1400 1355 1470 suopte

334 1506 460 1585 iugenio
468 1502 676 1568 humentium.
687 1498 867 1575 ⁴Addiderat
875 1499 982 1567 Civilis
995 1501 1156 1584 obliquent
1165 1500 1356 1566 inRItenum

335 1621 468 1697 molem,
489 1622 578 1697 cujus
606 1620 729 1697 objectu
750 1618 914 1685 reuolutus
942 1617 1046 1685 amnia
1068 1615 1279 1696 adiacentibus
1300 1639 1355 1681 eu·

334 1732 589 1817 perfunderetur·
631 1754 669 1802 ea
684 1733 753 1821 ,loci
774 1734 878 1801 forna
902 1732 1029 1801 incertis
1053 1729 1142 1798 vadis
1162 1729 1295 1795 subdola
1324 1745 1356 1794 et

335 1852 428 1914 uobis
454 1850 604 1913 adversa:
638 1848 758 1932 quippe
784 1848 876 1912 miles
901 1860 1052 1911 mmanus
1075 1844 1168 1911 armis
1190 1846 1293 1926 gravia
1322 1859 1356 1910 et

334 1965 432 2029 nandi
452 1963 606 2047 pavidus:
634 1962 812 2027 Germanos
833 1960 1019 2025 'fluminibus
1041 1973 1148 2025 suetos
1172 1960 1283 2026 levitas
1304 1982 1356 2024 ar·

335 2100 460 2143 tutorum
479 2091 510 2140 et
532 2076 710 2161 proceritas,
722 2095 893 2158 corporum
914 2074 1036 2139 attollit.

251 2209 321 2273 5.¹⁵
418 2194 517 2273 Igitur
536 2193 758 2257 lacessentibus
782 2191 908 2255 Batavis
934 2189 1127 2254 ferocissimo
1154 2192 1269 2277 cuique
1296 2213 1356 2256 no-

335 2318 473 2367 strorum
489 2317 637 2386 coeptum
650 2317 826 2367 certamen:
847 2301 961 2369 deinde
971 2316 1045 2372 ¹ortu
1060 2302 1238 2388 trepidatio,
1256 2326 1356 2389 quum

335 2420 481 2500 praealtis
509 2416 678 2501 paludibus
706 2428 811 2498 arma',
841 2420 915 2502 equi
941 2420 1156 2484 haurirentur.
1203 2418 1357 2486 Germani

334 2533 417 2594 notis
438 2529 525 2592 vadis
547 2533 772 2613 persultabant,
795 2531 907 2595 emesa
923 2533 1109 2617 plerumque
1132 2534 1235 2597 fronte
1253 2534 1357 2597 latera

335 2666 370 2705 ac
396 2657 482 2724 terga
506 2643 794 2708 circumvenientes.
835 2647 957 2726 neque',
989 2659 1025 2708 ut
1051 2647 1086 2708 in
1115 2644 1254 2728 pedestri
1279 2647 1356 2726 acie,
1457 2723 1458 2727 Ἰ

334 2758 476 2822 cominus
497 2758 619 2821 eminus
640 2761 834 2838 certabatur,
864 2758 919 2823 aed
940 2773 1091 2842 tanquam
1113 2761 1219 2826 navali
1239 2781 1356 2842 pugna,

333 2875 403 2953 vagi
427 2877 509 2936 inter
530 2872 632 2936 undas
657 2888 728 2952 aut,
761 2876 788 2939 ei
816 2874 894 2957 quid
916 2877 1027 2940 stabile
1050 2880 1250 2957 occurrebat,
1280 2878 1356 2941 totis

333 2988 397 3048 illic
419 2987 605 3067 corporibus
626 2988 780 3063 nitentes,
809 2987 965 3049 vulnerati
990 3009 1061 3050 cum
1086 2989 1234 3069 integris,
1261 2990 1357 3072 periti
1456 3029 1457 3033 =

333 3099 431 3165 nandi
454 3121 525 3164 cum
545 3099 662 3181 ignaris
684 3102 719 3164 in
739 3112 881 3164 mutuam
906 3102 1078 3184 perniciem
1101 3103 1356 3185 implicabantur.

332 3218 439 3281 nrinor
459 3228 683 3300 tamen'qunm
707 3239 767 3300 pro
790 3222 926 3283 tumultu
948 3217 1074 3296 caedes,
1102 3220 1178 3303 quia
1197 3241 1265 3284 non
1286 3220 1357 3284 ausi

333 3330 438 3408 egredi
458 3328 606 3411 paludem
624 3331 775 3393 Germani
796 3330 830 3392 in
853 3344 953 3394 caena
972 3331 1106 3395 rediere.
1147 3333 1225 3411 Ejus
1240 3332 1358 3414 proelii
1455 3323 1456 3332 ¹

332 3454 462 3506 eventus
485 3457 655 3526 utrumque
675 3443 788 3506 ducem
808 3442 938 3508 diversis
955 3447 1052 3510 animi
1071 3446 1208 3510 motibus
1228 3444 1269 3508 ad
1287 3465 1358 3508 ma·

331 3553 500 3618 turandum
522 3574 661 3616 summae
687 3556 737 3618 rei
762 3553 928 3622 discrimen
956 3562 1065 3624 erexit.
1108 3560 1217 3624 Civilis
1236 3559 1357 3624 instare

330 3670 486 3747 fortunae,
503 3666 633 3731 Cerialia
647 3670 773 3732 abolere
786 3669 1001 3750 ignominiam.
1030 3673 1181 3736 Germani
1193 3673 1358 3754 prosperis

330 3783 468 3845 feroces:
488 3781 650 3846 Romanos
664 3782 769 3864 pudor
781 3784 981 3851 excitaverat.
1023 3806 1090 3850 nox
1103 3786 1189 3868 apud
1201 3788 1357 3852 barbaros

330 3909 424 3959 cantu
443 3899 669 3975 succlamare,
690 3899 805 3964 nostrie
825 3921 884 3983 per
905 3903 985 3966 iram
1007 3916 1038 3965 et
1057 3904 1159 3966 minas
1179 3915 1257 3966 acta.

245 4028 316 4089 ato
415 4011 544 4073 Postera
574 4012 643 4074 luce
670 4009 802 4076 Cerialis
832 4015 936 4097 equite
961 4027 993 4078 et
1013 4016 1186 4081 auxiliariis
1215 4015 1358 4079 cohorti·

329 4123 387 4184 bus
417 4123 553 4188 frontem
582 4129 701 4210 explet,
731 4128 766 4190 iu
797 4129 934 4194 secunda
965 4129 1029 4195 acie
1056 4132 1195 4213 legiones
1223 4132 1356 4206 locatae,
