2959 4875
457 433 519 505 nx
542 435 797 506 ANNALIBUS
1093 437 1135 504 tt

115 606 237 691 aliaque
260 606 406 671 militaria
431 605 516 673 dona
537 621 704 691 memorat,
725 606 879 675 irridente
898 610 1041 675 Arminio
1065 607 1139 675 vilia

30 735 31 750 ¹
115 725 230 789 servitii
250 724 402 807 praemia.
476 791 481 799 ¹

196 839 285 902 Exin
315 839 431 906 diversi
459 841 637 906 ordiuntur.
678 841 729 905 hic
758 839 1003 923 magnitudinem
1033 861 1139 904 roma·
1152 840 1179 904 ²,
1192 841 1226 889 ¹⁰

119 975 204 1031 nam,
238 974 316 1037 opes
338 956 468 1020 caesaris
490 970 520 1020 ct
540 957 629 1021 victis
652 977 761 1038 gram
783 976 920 1039 poenas,
950 956 984 1018 in
1007 952 1140 1019 deditio·

120 1090 188 1130 nem
210 1070 350 1134 venienti
380 1083 518 1152 paratam
541 1071 754 1152 clementiam,
783 1092 888 1156 neque
918 1075 1080 1151 conjugem
1109 1080 1141 1131 et

119 1184 215 1248 lilium
238 1190 307 1265 ejus
325 1189 481 1252 hostiliter
501 1189 622 1253 haberi.
664 1189 717 1252 ille
739 1191 787 1253 fas
808 1189 943 1272 patriae,
962 1189 1140 1252 libertatem

120 1302 248 1378 avitam,
270 1304 444 1382 penetrales
466 1302 652 1367 Germaniae
673 1301 765 1382 deos,
786 1316 918 1366 matrem
938 1324 1069 1385 precum
1089 1321 1141 1366 so·

121 1417 207 1492 ciam,
228 1438 269 1479 ne
292 1419 546 1502 propinquorum
566 1429 598 1481 et
618 1418 770 1498 affinium,
790 1417 926 1502 denique
947 1417 1047 1498 gentis
1064 1437 1141 1479 suae

122 1530 261 1593 desertor
282 1542 313 1593 et
332 1531 477 1612 proditor
498 1553 593 1616 quam
614 1532 788 1615 imperator
808 1551 876 1595 esse
896 1533 1013 1594 mallet.
1058 1530 1142 1591 Pau·

118 1647 204 1708 latim
225 1645 300 1710 inde
322 1645 362 1709 ad
381 1647 482 1728 jurgia
502 1647 644 1731 prolapsi
661 1669 725 1733 quo
747 1648 853 1710 minus
873 1667 1012 1728 pugnam
1034 1665 1143 1708 conse·

121 1775 226 1824 rerent
255 1783 296 1824 ne
323 1760 453 1823 flumine
482 1760 611 1846 quidem
638 1761 801 1841 interiecto
831 1761 1076 1837 cohibebantur,
1110 1759 1144 1821 ni

122 1876 291 1940 Stertinius
318 1896 482 1940 accurrens
510 1879 640 1958 plenum
670 1878 755 1957 irae,
787 1898 937 1961 armaque
965 1889 998 1939 et
1026 1897 1144 1958 equum

122 2002 306 2072 poscentem
325 1989 455 2062 flavum
476 1992 660 2055 attinuisset.
703 1991 902 2054 cernebatur
922 2003 1032 2053 contra
1051 1989 1145 2053 mini·

124 2103 285 2168 tabundus
306 2106 466 2168 Arminius
489 2107 712 2190 proeliumque
738 2104 937 2168 denuntians.
984 2124 1059 2164 nam
1079 2103 1146 2183 ple·

125 2240 224 2302 raque
253 2217 351 2282 latino
381 2240 526 2283 sermone
554 2218 787 2299 interiaciebat,
821 2230 857 2281 ut
878 2216 934 2303 qui
952 2215 1092 2281 romanis
1111 2215 1146 2278 in

127 2334 233 2396 castris
256 2330 369 2396 ductor
388 2334 591 2415 popularium
611 2334 787 2397 meruisset.

209 2450 342 2511 Postero
363 2446 415 2511 die
438 2447 669 2510 Germanorum
689 2447 771 2513 acies
795 2459 882 2510 nans
903 2442 1064 2524 Visurgim
1084 2453 1146 2504 ste·
1160 2451 1229 2514 λιι

127 2562 172 2623 tit.
214 2582 321 2624 caesar
341 2561 404 2624 nisi
424 2563 574 2642 pontibus
593 2560 820 2645 praesidiisque
841 2559 996 2641 impositis
1016 2554 1092 2618 dare
1113 2556 1148 2616 in

129 2676 293 2738 discrimen
323 2678 462 2757 legiones
497 2674 582 2738 haud
618 2674 855 2758 imperatorium
890 2686 977 2735 ratus
1010 2670 1147 2754 equitem

129 2790 206 2853 vado
225 2791 376 2855 tramittit.
418 2791 583 2872 praefuere
604 2788 772 2853 Stertinius
793 2802 824 2853 et
845 2812 862 2852 e
884 2808 1017 2851 numero
1039 2783 1149 2868 primi·

130 2909 273 2988 pilarium
303 2908 480 2988 Aemilius,
504 2906 702 2971 distantibus·
719 2907 798 2971 locis
826 2906 943 2968 invecti
970 2916 1008 2965 ut
1028 2904 1150 2965 hostem

130 3022 322 3087 diducerent.
371 3020 444 3099 Qua
474 3024 654 3088 celerrimus
685 3026 804 3103 amnis,
840 3019 1050 3087 Chariovalda
1083 3018 1151 3082 dcix

130 3140 321 3202 Batavorum
348 3139 465 3220 erupit.
508 3160 580 3201 eum
603 3139 755 3201 Cherusci
776 3140 882 3218 lugam
909 3138 1090 3197 simulantes
1116 3131 1149 3191 in

130 3258 291 3337 planitiem
316 3257 448 3319 saltibus
474 3256 704 3335 circumiectam
724 3268 870 3318 traxere:
901 3251 976 3313 dein
997 3248 1100 3313 coorti
1121 3260 1152 3311 et

131 3372 271 3457 undique
293 3374 386 3436 effusi
405 3372 537 3437 trudunt
557 3372 715 3453 adversos,
736 3372 854 3435 instant
876 3369 1068 3448 cedentibus,
1087 3367 1152 3431 col-

131 3491 288 3572 lectosque
308 3488 344 3550 in
364 3491 474 3553 orbem
495 3512 569 3573 pars
591 3491 759 3571 congressi,
780 3486 907 3574 quidam
930 3485 1052 3551 enrinm
1076 3502 1153 3564 pro·

131 3606 269 3665 turbant.
322 3600 532 3667 Chariovalda
562 3602 617 3666 diu
650 3615 822 3667 sustentata
854 3602 992 3666 hostium
1024 3595 1153 3658 saevitia

132 3716 275 3777 hortatus
304 3734 379 3777 suos
404 3727 441 3778 ut
470 3715 650 3805 ingruentes
674 3728 813 3780 catervas
839 3717 934 3795 globo
964 3714 1154 3788 frangerent,

132 3841 226 3913 atque
257 3829 385 3923 ipsein
419 3804 618 3895 densissimos
648 3850 817 3913 erumpens
846 3825 998 3905 congestis
1024 3820 1094 3882 telis
1124 3831 1155 3885 et

132 3947 269 4008 suffosso
298 3964 382 4027 equo
411 3946 529 4009 labitur
556 3970 592 4009 ac
619 3946 710 4009 multi
732 3944 887 4008 nobilium
907 3940 1006 4002 circas
1035 3951 1155 4001 ceteros

131 4060 178 4122 vis
200 4080 257 4120 sua
278 4071 333 4121 aut
354 4060 475 4141 equites
496 4080 567 4123 cnm
585 4050 733 4122 Stertinio
751 4056 949 4139 Aemilioque
965 4052 1154 4119 subvenien-

130 4185 175 4234 tes
198 4173 339 4253 periculo
362 4193 517 4237 exemere.
