2959 4875
689 423 752 494 ux
773 425 1027 497 ANNALIBUS

640 748 710 838 Ell
743 765 1076 843 ANNALIBUS.

262 969 332 1033 ml
432 955 475 1036 (a.
496 978 529 1039 p.
549 956 586 1022 C.
609 955 663 1042 14)
686 957 813 1022 additur
833 981 945 1041 magna
969 982 1042 1044 pars
1066 957 1259 1042 praetoriani
1281 961 1372 1043 equi·

344 1069 384 1132 tis
403 1081 434 1130 et
453 1072 571 1134 robora
591 1071 832 1154 Germanorum,
857 1076 913 1159 qui
934 1088 1001 1138 tum
1023 1075 1164 1139 custodes
1184 1076 1371 1157 imperatori

344 1182 484 1249 aderant.

260 1319 285 1382 ι,
294 1318 327 1368 31
428 1295 471 1382 (a.
491 1297 545 1384 14)
567 1321 640 1362 nam
659 1298 771 1362 iisdem
794 1302 917 1366 aestivis
937 1301 972 1364 in
992 1304 1108 1366 finibus
1129 1303 1288 1367 Ubiorum
1310 1306 1367 1368 ha·

343 1415 500 1476 bebantur
522 1413 673 1497 (legiones
694 1416 785 1477 XXI.
805 1415 847 1478 V.
864 1416 889 1478 l.
910 1417 990 1498 XX)
1012 1438 1071 1498 per
1092 1417 1191 1480 otium
1210 1430 1264 1480 aut
1283 1419 1368 1482 levia

341 1526 461 1588 munia.

258 1669 329 1732 134
426 1639 470 1727 (a.
492 1637 546 1725 14)
575 1641 753 1723 praecipuis
785 1638 932 1703 laudibus
966 1642 1127 1704 celebrans
1161 1661 1242 1724 quae
1276 1641 1363 1724 apud

343 1755 526 1818 Germanias
548 1755 609 1816 illis
634 1775 705 1815 cum
728 1754 906 1834 legionibus
928 1756 1142 1836 pulcherrima
1162 1758 1296 1820 fecisset.

256 1894 327 1958 mg
425 1867 468 1954 (a.
493 1866 546 1954 14)
571 1867 760 1932 destinatum
782 1868 905 1933 excidio
926 1870 1083 1933 Ubiorum
1107 1869 1271 1954 oppidum.

257 2000 326 2063 μετ
425 1977 468 2064 (a.
492 1977 546 2064 14)
574 1982 708 2063 primam
736 2003 773 2045 ac
801 1983 980 2048 vicesimam
1000 1986 1138 2065 legiones
1160 1985 1361 2050 Caecinade-

338 2109 430 2178 gatus¹
450 2098 485 2160 in
508 2097 663 2162 civitatem
683 2095 843 2160 Ubiorum
864 2095 992 2160 reduxit
1011 2100 1098 2180 turpi
1120 2099 1253 2178 agmine.

254 2227 325 2290 1,ae
425 2210 467 2296 (a.
491 2208 544 2291 14)
569 2223 601 2272 at
626 2212 661 2272 in
684 2210 819 2273 Cauchis
849 2226 1032 2294 coeptavere
1060 2212 1246 2275 seditionem
1266 2236 1384 2295 prae·-

270 2359 272 2364 ·
339 2326 453 2390 sidium
474 2327 622 2406 agitantes
643 2328 801 2389 vexillarii
821 2326 1011 2390 discordium
1030 2330 1202 2408 legionum.

252 2456 321 2519 1,39
420 2435 462 2523 (a.
482 2433 536 2521 14)
558 2437 679 2500 interea
698 2440 793 2519 legati
811 2443 850 2504 ab
869 2455 980 2505 senatu
998 2463 1173 2523 regressum
1188 2447 1252 2522 jam
1271 2442 1357 2525 apud

335 2577 421 2619 aram
441 2553 600 2616 Ubiorum
623 2552 847 2616 Germanicum
869 2553 996 2618 adeunt.

250 2688 320 2750 1‚43
419 2665 462 2752 (a.
486 2664 540 2751 14)
563 2668 783 2749 compressisse
806 2667 993 2732 Germaniae
1015 2672 1161 2752 populos.

249 2797 320 2859 1,44
416 2785 459 2869 (a.
483 2779 537 2868 14)
565 2784 663 2847 secuti
689 2787 870 2867 exemplum
892 2789 1031 2850 veterani
1055 2784 1142 2847 baud
1162 2789 1260 2849 multo
1282 2799 1355 2869 post

330 2902 365 2961 in
385 2899 526 2961 Raetiam
546 2898 712 2961 mittuntur
738 2899 840 2979 specie
867 2896 1084 2960 defendendae
1104 2901 1286 2981 prouinciae
1308 2903 1352 2963 ob

330 3015 528 3076 imminentes
549 3012 681 3076 Suevos.

248 3143 273 3207 1,
282 3144 319 3196 50
418 3124 461 3213 (a.
481 3123 535 3211 14)
557 3126 648 3189 Laeti
667 3148 772 3212 neque
788 3130 900 3211 procul
917 3126 1068 3194 Germani
1085 3131 1252 3213 agitabant,
1274 3130 1351 3195 dum

330 3244 447 3322 justitio
467 3246 508 3306 ob
524 3243 672 3305 amissum
692 3243 875 3323 Augustum,
897 3258 967 3327 post
987 3243 1149 3307 discordiis
1171 3246 1352 3309 attinemur.

331 3355 372 3417 At
400 3353 562 3416 Romanus
594 3355 715 3434 agmine
739 3377 878 3437 propero
908 3358 1019 3421 silvam
1046 3359 1178 3421 caesiam
1204 3362 1351 3425 limitem·

332 3482 393 3543 que
416 3482 435 3521 a
456 3460 584 3521 Tiberio
611 3474 755 3543 coeptum
784 3460 913 3541 scindit,
943 3476 1042 3526 castra
1069 3467 1104 3528 in
1129 3467 1228 3530 limite
1255 3469 1349 3549 locat,

328 3575 467 3638 frontem
492 3594 526 3635 ac
556 3586 677 3653 tergum
704 3576 806 3656 vallo,
835 3580 934 3640 latera
963 3579 1170 3644 concaedibus
1196 3585 1350 3650 munitus.

326 3687 401 3751 inde
423 3690 518 3751 saltus
547 3688 696 3751 obscuros
721 3679 863 3770 permeat
886 3695 1121 3778 consultatque,
1154 3716 1195 3757 ex
1221 3694 1348 3761 duobus

325 3802 490 3865 itineribus
514 3805 609 3867 breve
639 3816 669 3866 et
697 3806 825 3870 solitum
849 3823 1016 3893 sequatur,
1047 3832 1088 3870 an
1114 3809 1294 3891 impeditius
1316 3826 1348 3876 et

324 3918 511 3979 intentatum
540 3939 641 4003 eoque
668 3922 812 3987 hostibus
840 3925 1010 3987 incautum.
1052 3925 1182 3988 Delecta
1202 3927 1346 4007 longiore

325 4030 377 4091 via
399 4041 499 4092 cetera
528 4035 750 4098 accelerantur.
801 4039 915 4098 etenim
940 4039 1107 4100 attulerant
1127 4042 1345 4122 exploratores

325 4142 434 4205 sestam
458 4162 524 4203 eam
547 4145 712 4209 Germanis
742 4160 865 4212 noctem
892 4172 928 4213 ac
950 4153 1143 4216 solemnibus
1171 4154 1274 4235 epulis.
1292 4158 1343 4216 lu·
