2959 4875
504 431 566 499 Ex
588 433 824 505 HISTORIIS
1108 450 1170 513 113

141 601 316 678 invalidus,
336 602 571 684 flagrantissima
592 610 768 678 cohortium
789 636 918 681 suarum
939 619 1068 703 Integra,
1088 646 1168 707 quae

139 740 187 780 ex
221 717 355 782 Cauchis
390 722 561 806 Frisiisque
600 731 773 811 composita
810 733 952 797 Tolbiaci
985 738 1020 799 iu
1052 738 1167 805 linibus

139 836 421 917 Agrippinensium
439 841 557 919 agebat.
599 840 664 907 Sed
683 846 780 911 tristis
802 850 931 913 nuntius
950 850 1092 935 advertit,
1112 855 1167 921 dc·

140 948 244 1010 letam
264 949 424 1013 cobortem
451 948 527 1013 dolo
547 954 842 1041 Agrippinensium,
872 964 928 1045 qui
948 966 1041 1045 largis
1065 970 1165 1049 epulis

140 1062 285 1145 vinoque
303 1062 426 1144 sopitos
448 1063 624 1129 Germanos
650 1068 763 1133 clausis
791 1073 932 1153 loribus,
960 1075 1030 1159 igne
1052 1078 1165 1157 injecto

140 1197 332 1240 cremavere.
384 1176 486 1241 Simul
521 1180 651 1244 Cerialis
682 1205 822 1268 propero
853 1191 975 1269 agmine
1009 1195 1166 1259 subvenit.

140 1290 396 1355 Circumsteterat
412 1291 544 1357 civilem
560 1308 592 1358 et
608 1296 687 1359 alius
705 1311 816 1379 metus,
837 1322 878 1363 ne
901 1315 1012 1385 quarte
1034 1304 1163 1370 decunra

141 1406 226 1485 legio
249 1404 393 1484 adjuncta
419 1409 595 1472 britannica
618 1413 714 1475 classe
736 1414 901 1479 afflictaret
920 1417 1072 1500 Batavos,
1100 1444 1163 1505 qua

138 1537 262 1581 oceano
292 1517 484 1583 ambiuntur.
527 1514 589 1582 Sed
616 1524 774 1602 legionem
795 1532 941 1593 terrestri
963 1533 1075 1595 itinere
1101 1536 1163 1596 Fa-

137 1632 213 1694 bios
232 1628 358 1693 Priscus
377 1628 496 1712 legatus
517 1633 552 1694 ia
571 1632 938 1725 Nervios-Tungrosque
959 1641 1067 1724 duxit,
1091 1668 1162 1709 eas·

138 1768 205 1829 que
238 1745 376 1809 civitates
405 1735 456 1808 in
474 1743 664 1813 deditionem
697 1748 852 1835 suseptae.
914 1757 1043 1820 classem
1074 1762 1160 1823 ultro

139 1854 364 1926 Canninefates
376 1857 526 1941 '‘eggreesi
553 1876 629 1925 sunt
650 1869 817 1950 maiorque
844 1888 920 1950 pare
947 1872 1076 1936 navium
1106 1872 1161 1935 de·

137 1995 247 2055 pressa
276 1988 330 2037 snt
357 1988 457 2057 capte.
505 1990 537 2039 et
564 1975 768 2042 Nerviorum
786 1980 1019 2047 multitudinem
1048 2003 1160 2069 sponte

136 2100 326 2149 commotam
359 2099 395 2149 ut
428 2108 488 2170 pro
519 2088 671 2152 Romanis
704 2092 824 2155 bellum
857 2111 1030 2177 capesseret
1063 2099 1159 2163 iidem

136 2198 360 2261 Canninelates
379 2198 503 2263 fudere.
545 2200 701 2266 Classicus
722 2223 851 2289 quoque
869 2205 1019 2273 adversus
1039 2215 1159 2295 equites

134 2314 311 2380 Notesium
331 2336 351 2376 s
372 2313 494 2379 Ceriale
514 2316 703 2398 praemissos
728 2319 903 2385 secundum
928 2326 1085 2406 proelium
1112 2328 1159 2389 fe-

136 2430 190 2494 cit.
236 2427 327 2507 Quae
348 2428 473 2497 modica
500 2430 555 2496 sed
582 2437 695 2503 crebra
722 2434 836 2502 damna
864 2441 980 2504 lamam
1009 2445 1157 2508 victoriae

133 2569 238 2630 nuper
256 2561 365 2629 panse
383 2550 576 2613 incumbant.

217 2665 261 2726 At
279 2665 479 2728 Domitianus
494 2663 725 2746 Mucianusque
747 2675 916 2748 antequam
936 2667 1059 2749 alpibus
1080 2691 1156 2750 pro·
1169 2693 1239 2754 sgr,

16 2772 17 2787 ³
131 2775 333 2859 pinqusrent,
353 2798 524 2860 prosperos
545 2799 652 2840 rerum
673 2778 708 2839 in
727 2777 874 2842 Treveris
894 2793 1051 2860 gestamen
1072 2805 1155 2856 nun·

131 2890 195 2952 ties
223 2913 381 2974 accepere.
434 2893 604 2975 praecipua
634 2892 784 2957 victoriae
812 2891 890 2956 fides
920 2893 987 2958 dux
1014 2899 1154 2962 hostium

132 3006 338 3086 Valentinus,
375 3028 575 3091 nequaquam
607 3010 727 3087 abjecto
762 3009 882 3087 animo,
916 3029 996 3094 quos
1026 3012 1154 3094 spiritus

132 3121 276 3200 gessisset
291 3123 387 3186 uultu
410 3123 540 3186 ferebat.
583 3121 707 3186 auditus
733 3121 807 3184 ideo
829 3135 952 3186 tantum
979 3136 1016 3186 ut
1043 3145 1154 3188 nosce·

132 3245 222 3295 retur
248 3235 408 3314 Ingenium
434 3241 521 3312 ejus,
553 3233 780 3317 damnatusque
801 3231 886 3296 inter
908 3233 1011 3316 ipsum
1034 3238 1154 3318 suppli·

133 3346 217 3408 cium
238 3349 447 3430 exprobranti
472 3348 595 3410 cuidam
619 3350 753 3430 patriam
776 3352 843 3428 ejus
868 3359 988 3430 captam
1014 3349 1154 3433 accipere

133 3482 167 3522 se
188 3461 336 3524 solatium
355 3462 467 3525 mortis
487 3461 661 3544 respondit.
704 3460 772 3525 Sed
793 3462 961 3526 Mucianus
988 3463 1075 3547 quod
1098 3463 1153 3526 diu

132 3580 342 3642 occultaverat
359 3591 398 3640 -ut
417 3598 526 3639 recens
551 3580 762 3661 exprompsit:
791 3579 942 3660 quoniam
962 3577 1152 3655 benignitate

132 3686 227 3753 deum
247 3691 365 3755 Irtotse
384 3691 523 3752 hostiurm
547 3691 774 3768 rimatorem,
802 3711 914 3770 parum
944 3686 1055 3756 decore
1082 3688 1152 3749 Do-

130 3801 297 3863 mitianum
324 3803 473 3868 conlecto
503 3823 608 3884 prope·
635 3803 719 3864 bello
753 3801 871 3872 alienon
904 3799 1022 3879 gloriae
1054 3801 1152 3862 inter-

129 3926 309 3976 venturum.
361 3917 389 3976 ai
420 3927 518 3978 status
545 3914 673 3998 imperii
707 3925 762 3976 aut
796 3914 879 3978 salus
910 3911 1083 3975 Galliarum
1116 3913 1149 3973 in

130 4023 310 4088 discrimine
331 4040 522 4108 verteretur,
551 4027 696 4092 debuisse
718 4047 873 4091 caesarem
894 4025 928 4086 in
957 4024 1022 4086 acie
1049 4039 1149 4088 stare:

128 4136 351 4205 Canninefates
370 4141 568 4227 Batavosque
590 4143 767 4206 minoribus
796 4139 927 4204 ditabua
954 4138 1151 4223 delegandos.

870 4265 889 4318 8
