2959 4875
465 448 527 514 EX
552 448 786 517 HISTORIIS
1094 455 1137 519 65

425 843 495 917 EX
529 843 832 921 HISTORIIS.

196 1088 241 1175 (a.
263 1084 321 1174 69)
349 1100 476 1154 coortae
502 1090 537 1151 in
568 1109 628 1154 noa
656 1089 871 1157 Sarmatarum
900 1113 935 1158 ae
961 1091 1139 1161 Saevorum
1155 1098 1206 1160 ¹2²

119 1219 232 1289 gentes.

200 1316 244 1405 (a.
263 1314 320 1402 69)
344 1316 523 1381 Germanici
537 1319 711 1401 exercitus,
734 1320 822 1406 quod
842 1323 1139 1407 periculosissimum
1154 1330 1206 1391 1‚⁸

119 1433 151 1494 in
181 1433 276 1496 tantis
306 1434 444 1512 viribus,
480 1438 604 1501 solliciti
635 1452 667 1502 et
696 1438 787 1502 irati:
825 1438 973 1522 superbia
1007 1440 1140 1504 recentis

117 1545 262 1609 victoriae
282 1558 315 1609 et
333 1558 433 1610 motare
453 1560 604 1634 tanquam
627 1550 703 1613 alias
722 1563 827 1634 partes
848 1553 1011 1617 fo'rissent.
1051 1552 1140 1616 tarde

118 1680 138 1721 a
156 1659 283 1723 Nerone
306 1658 518 1741 desciverant,
544 1684 603 1725 nec
624 1662 727 1727 statim
751 1686 812 1747 pro
836 1664 938 1729 Galba
960 1664 1141 1747 Verginius.

119 1798 157 1838 an
178 1776 333 1859 imperare
353 1778 505 1842 voluisset
531 1776 683 1844 dubium:
713 1778 851 1846 delutum
872 1782 942 1845 eia
962 1783 1061 1849 milite
1079 1783 1141 1845 im·

117 1893 245 1975 perium
257 1896 472 1958 conveniebat.
514 1893 882 1978 Fonteium‘llapbonern
896 1900 1034 1961 occisum
1048 1898 1141 1959 etiam

117 2009 174 2092 qui
195 2005 290 2092 q'uerl
313 2015 384 2069 iton·
398 2021 545 2089 poterant
573 2021 679 2070 tamen
702 2007 959 2089 intignabmtar.
1000 2008 1068 2071 d'ux
1086 2008 1142 2073 ds·

118 2132 184 2185 er'at
203 2119 338 2185 abducto
355 2119 514 2199 Verginio·
527 2141 587 2202 per
609 2119 840 2184 simulationem
863 2120 1025 2199 amicitiae,
1048 2140 1143 2205 quem

116 2257 184 2303 aon
204 2236 337 2313 remitti,
364 2245 459 2319 atque
480 2236 573 2301 etiam
593 2256 684 2300 reum
705 2242 773 2301 ess's
790 2240 943 2321 tanquam
964 2239 1059 2301 suain
1082 2232 1144 2298 cri·

117 2370 192 2414 men
214 2350 416 2431 accipiebant.
642 2354 646 2359 '

202 2463 358 2546 Superior
391 2459 545 2527 exercitus
575 2463 711 2543 legatum
744 2460 965 2528 Hordeonium
995 2462 1142 2530 Flaccum
1158 2490 1208 2552 t‚o

116 2580 303 2661 spernebat,
331 2587 455 2641 senecta
479 2596 516 2638 ac
537 2572 696 2638 debilitate
715 2573 835 2657 pedum
856 2575 1047 2656 invalidum,
1075 2581 1142 2643 sine

118 2691 300 2768 constantia,
323 2689 389 2754 sine
407 2687 607 2753 auctoritate:
629 2708 670 2749 ne
692 2685 800 2771 quieto
823 2689 950 2773 quidem
972 2692 1069 2754 milite
1090 2713 1143 2754 re·

115 2807 238 2884 gimen,
271 2800 350 2866 adeo
374 2803 514 2866 furentes
539 2799 719 2865 infirmitate
742 2802 905 2866 retinentis
926 2807 1010 2868 ultro
1033 2827 1144 2870 accen·

118 2917 286 2981 dabantur.
343 2914 507 2978 Inferioris
540 2913 728 2978 Germaniae
758 2916 897 2997 legiones
927 2917 1043 2982 diutius
1075 2919 1142 2982 sine

117 3031 278 3096 consulari
313 3031 421 3102 fuere,
456 3027 555 3091 donec
588 3028 684 3092 missu
716 3029 835 3094 Galbae
866 3033 966 3096 Aulus
997 3032 1143 3096 Vitellius

116 3146 244 3224 aderat,
275 3147 412 3210 censoris
433 3144 553 3210 Vitellii
576 3164 611 3206 ac
639 3157 689 3206 ter
709 3143 846 3209 consulis
876 3146 969 3210 filius.
1010 3145 1043 3208 iu
1069 3147 1143 3210 satis

115 3261 297 3329 videbatur.
387 3315 392 3326 .
510 3311 514 3320 .
541 3313 546 3320 .
864 3263 866 3270 ’

206 3371 250 3459 (a.
272 3367 328 3456 69)
353 3369 416 3435 Sed
438 3371 538 3436 Galba
558 3384 631 3456 post
651 3372 781 3436 nuntios
801 3373 995 3456 germanicae
1016 3371 1143 3439 seditio·
1156 3404 1183 3468 1,
1193 3403 1228 3456 14

113 3491 167 3552 nis
178 3533 189 3568 ‚
225 3505 408 3572 quanquam
428 3485 509 3548 nibil
532 3483 636 3549 adhue
656 3484 696 3548 de
715 3485 844 3551 Vitellio
866 3499 1002 3567 certum,
1028 3488 1143 3550 anxius

115 3623 262 3687 quonam
282 3599 477 3664 exercituum
497 3599 546 3664 r‘is
568 3610 761 3681 erumperet,
793 3621 834 3662 ne
865 3602 988 3664 urbano
1017 3598 1144 3682 quidem

114 3715 212 3779 militi
236 3714 388 3792 confisus,
418 3709 506 3795 quod
525 3710 700 3776 remedium
720 3711 850 3778 unicum
870 3716 1017 3790 rebatur,
1048 3711 1146 3775 comi·

112 3832 161 3893 tia
183 3827 313 3910 imperii
331 3825 483 3906 transigit.
1231 3899 1235 3906 ⁸

207 3940 250 4026 (a.
273 3937 330 4026 69)
357 3939 578 4005 crebrioribus
604 3939 638 4002 in
662 3937 729 4001 dies
750 3935 941 4018 germanicae
964 3935 1230 4029 defectionis1‚19

112 4057 243 4119 nuntiis
265 4066 298 4116 et
320 4052 405 4115 facili
429 4054 551 4119 civitate
578 4049 619 4116 ad
639 4049 820 4132 accipienda
842 4049 1058 4136 credendaque
1079 4072 1146 4116 om·

113 4171 173 4232 nia
199 4189 295 4248 nora,
316 4189 417 4252 quum
437 4167 537 4233 tristia
558 4181 640 4249 sunt,
662 4179 849 4231 censuerant
862 4181 967 4249 patres
980 4165 1147 4231 narrator

846 4289 864 4344 5
