<?xml version="1.0" encoding="UTF-8"?>
<!DOCTYPE html PUBLIC "-//W3C//DTD XHTML 1.0 Transitional//EN"
    "http://www.w3.org/TR/xhtml1/DTD/xhtml1-transitional.dtd">
<html xmlns="http://www.w3.org/1999/xhtml" xml:lang="en" lang="en">
 <head>
  <title>
</title>
<meta http-equiv="Content-Type" content="text/html;charset=utf-8" />
  <meta name='ocr-system' content='tesseract 3.04.00' />
  <meta name='ocr-capabilities' content='ocr_page ocr_carea ocr_par ocr_line ocrx_word'/>
</head>
<body>
  <div class='ocr_page' id='page_1' title='image "./tacitigermania00grimgoog_0014.png"; bbox 0 0 2959 4875; ppageno 0'>
   <div class='ocr_carea' id='block_1_1' title="bbox 345 417 974 490">
    <p class='ocr_par' dir='ltr' id='par_1_1' title="bbox 345 417 974 490">
     <span class='ocr_line' id='line_1_1' title="bbox 345 417 974 490; baseline -0.01 0"><span class='ocrx_word' id='word_1_1' title='bbox 345 423 366 490; x_wconf 82' lang='lat' dir='ltr'><strong>t</strong></span> <span class='ocrx_word' id='word_1_2' title='bbox 742 417 974 488; x_wconf 72' lang='lat' dir='ltr'><strong>astutum</strong></span> 
     </span>
    </p>
   </div>
   <div class='ocr_carea' id='block_1_2' title="bbox 345 593 1446 2403">
    <p class='ocr_par' dir='ltr' id='par_1_2' title="bbox 345 593 1446 2403">
     <span class='ocr_line' id='line_1_2' title="bbox 345 593 1444 683; baseline 0.002 -25"><span class='ocrx_word' id='word_1_3' title='bbox 345 611 435 678; x_wconf 81' lang='lat' dir='ltr'><strong>gusto</strong></span> <span class='ocrx_word' id='word_1_4' title='bbox 457 611 486 660; x_wconf 87' lang='lat' dir='ltr'><strong>et</strong></span> <span class='ocrx_word' id='word_1_5' title='bbox 510 599 600 662; x_wconf 83' lang='lat' dir='ltr'><strong>brevi</strong></span> <span class='ocrx_word' id='word_1_6' title='bbox 624 600 717 677; x_wconf 84' lang='lat' dir='ltr'><strong>lerro,</strong></span> <span class='ocrx_word' id='word_1_7' title='bbox 746 597 801 662; x_wconf 87' lang='lat' dir='ltr'><strong>sed</strong></span> <span class='ocrx_word' id='word_1_8' title='bbox 822 600 865 662; x_wconf 91' lang='lat' dir='ltr'><strong>ita</strong></span> <span class='ocrx_word' id='word_1_9' title='bbox 888 598 952 662; x_wconf 89' lang='lat' dir='ltr'><strong>acri</strong></span> <span class='ocrx_word' id='word_1_10' title='bbox 977 593 1069 660; x_wconf 90' lang='lat' dir='ltr'><strong>etad</strong></span> <span class='ocrx_word' id='word_1_11' title='bbox 1093 617 1185 658; x_wconf 86' lang='lat' dir='ltr'><strong>ttsum</strong></span> <span class='ocrx_word' id='word_1_12' title='bbox 1208 597 1315 676; x_wconf 84' lang='lat' dir='ltr'><strong>habili,</strong></span> <span class='ocrx_word' id='word_1_13' title='bbox 1338 613 1375 661; x_wconf 93' lang='lat' dir='ltr'><strong>ut</strong></span> <span class='ocrx_word' id='word_1_14' title='bbox 1443 626 1444 683; x_wconf 75' lang='lat' dir='ltr'>j</span> 
     </span>
     <span class='ocr_line' id='line_1_3' title="bbox 346 706 1444 793; baseline 0.002 -21"><span class='ocrx_word' id='word_1_15' title='bbox 346 709 455 776; x_wconf 88' lang='lat' dir='ltr'><strong>eodem</strong></span> <span class='ocrx_word' id='word_1_16' title='bbox 480 714 556 791; x_wconf 89' lang='lat' dir='ltr'><strong>telo,</strong></span> <span class='ocrx_word' id='word_1_17' title='bbox 576 725 674 793; x_wconf 89' lang='lat' dir='ltr'><strong>prout</strong></span> <span class='ocrx_word' id='word_1_18' title='bbox 697 712 779 775; x_wconf 87' lang='lat' dir='ltr'><strong>ratio</strong></span> <span class='ocrx_word' id='word_1_19' title='bbox 801 715 920 793; x_wconf 88' lang='lat' dir='ltr'><strong>poscit,</strong></span> <span class='ocrx_word' id='word_1_20' title='bbox 940 713 991 774; x_wconf 84' lang='lat' dir='ltr'><strong>vel</strong></span> <span class='ocrx_word' id='word_1_21' title='bbox 1014 711 1156 774; x_wconf 90' lang='lat' dir='ltr'><strong>cominus</strong></span> <span class='ocrx_word' id='word_1_22' title='bbox 1177 715 1229 774; x_wconf 77' lang='lat' dir='ltr'><strong>vel</strong></span> <span class='ocrx_word' id='word_1_23' title='bbox 1250 712 1375 774; x_wconf 88' lang='lat' dir='ltr'><strong>eminus</strong></span> <span class='ocrx_word' id='word_1_24' title='bbox 1443 706 1444 743; x_wconf 65' lang='lat'><strong>³</strong></span> 
     </span>
     <span class='ocr_line' id='line_1_4' title="bbox 346 826 1375 911; baseline 0.001 -23"><span class='ocrx_word' id='word_1_25' title='bbox 346 843 495 910; x_wconf 76' lang='lat' dir='ltr'><strong>pugnent.</strong></span> <span class='ocrx_word' id='word_1_26' title='bbox 536 828 576 890; x_wconf 84' lang='lat' dir='ltr'><strong>Et</strong></span> <span class='ocrx_word' id='word_1_27' title='bbox 604 849 699 910; x_wconf 90' lang='lat' dir='ltr'><strong>eques</strong></span> <span class='ocrx_word' id='word_1_28' title='bbox 729 826 856 911; x_wconf 89' lang='lat' dir='ltr'><strong>quidem</strong></span> <span class='ocrx_word' id='word_1_29' title='bbox 886 839 974 890; x_wconf 91' lang='lat' dir='ltr'><strong>scuto</strong></span> <span class='ocrx_word' id='word_1_30' title='bbox 1003 827 1182 908; x_wconf 73' lang='lat' dir='ltr'><strong>frameaque</strong></span> <span class='ocrx_word' id='word_1_31' title='bbox 1207 840 1375 890; x_wconf 88' lang='lat' dir='ltr'><strong>contentus</strong></span> 
     </span>
     <span class='ocr_line' id='line_1_5' title="bbox 347 939 1374 1024; baseline -0.001 -21"><span class='ocrx_word' id='word_1_32' title='bbox 347 957 408 1019; x_wconf 83' lang='lat' dir='ltr'><strong>est3</strong></span> <span class='ocrx_word' id='word_1_33' title='bbox 434 941 551 1024; x_wconf 81' lang='lat' dir='ltr'>pedites</span> <span class='ocrx_word' id='word_1_34' title='bbox 575 954 605 1002; x_wconf 89' lang='lat' dir='ltr'><strong>et</strong></span> <span class='ocrx_word' id='word_1_35' title='bbox 628 941 755 1004; x_wconf 81' lang='lat' dir='ltr'>missilia</span> <span class='ocrx_word' id='word_1_36' title='bbox 776 953 940 1022; x_wconf 86' lang='lat' dir='ltr'><strong>spargunt,</strong></span> <span class='ocrx_word' id='word_1_37' title='bbox 961 941 1055 1020; x_wconf 86' lang='lat' dir='ltr'><strong>plura</strong></span> <span class='ocrx_word' id='word_1_38' title='bbox 1078 939 1202 1019; x_wconf 79' lang='lat' dir='ltr'>singuli,</span> <span class='ocrx_word' id='word_1_39' title='bbox 1224 951 1316 1021; x_wconf 88' lang='lat' dir='ltr'><strong>atque</strong></span> <span class='ocrx_word' id='word_1_40' title='bbox 1339 942 1374 1002; x_wconf 92' lang='lat' dir='ltr'><strong>in</strong></span> 
     </span>
     <span class='ocr_line' id='line_1_6' title="bbox 347 1042 1446 1136; baseline 0 -17"><span class='ocrx_word' id='word_1_41' title='bbox 347 1063 533 1122; x_wconf 85' lang='lat' dir='ltr'><strong>immensum</strong></span> <span class='ocrx_word' id='word_1_42' title='bbox 557 1059 682 1120; x_wconf 83' lang='lat' dir='ltr'><strong>vibrant</strong></span> <span class='ocrx_word' id='word_1_43' title='bbox 702 1055 780 1118; x_wconf 92' lang='lat' dir='ltr'><strong>nudi</strong></span> <span class='ocrx_word' id='word_1_44' title='bbox 805 1068 859 1117; x_wconf 90' lang='lat' dir='ltr'><strong>aut</strong></span> <span class='ocrx_word' id='word_1_45' title='bbox 880 1057 987 1136; x_wconf 79' lang='lat' dir='ltr'><strong>sagulo</strong></span> <span class='ocrx_word' id='word_1_46' title='bbox 1009 1057 1107 1117; x_wconf 80' lang='lat' dir='ltr'><strong>leves.</strong></span> <span class='ocrx_word' id='word_1_47' title='bbox 1154 1054 1250 1117; x_wconf 84' lang='lat' dir='ltr'><strong>Nulla</strong></span> <span class='ocrx_word' id='word_1_48' title='bbox 1271 1057 1374 1118; x_wconf 87' lang='lat' dir='ltr'><strong>cultus</strong></span> <span class='ocrx_word' id='word_1_49' title='bbox 1444 1042 1446 1119; x_wconf 42' lang='grc' dir='ltr'>ἶ</span> 
     </span>
     <span class='ocr_line' id='line_1_7' title="bbox 347 1167 1373 1251; baseline -0.004 -16"><span class='ocrx_word' id='word_1_50' title='bbox 347 1175 488 1251; x_wconf 86' lang='lat' dir='ltr'><strong>jactatio,</strong></span> <span class='ocrx_word' id='word_1_51' title='bbox 518 1185 604 1236; x_wconf 86' lang='lat' dir='ltr'><strong>scuta</strong></span> <span class='ocrx_word' id='word_1_52' title='bbox 633 1185 754 1234; x_wconf 89' lang='lat' dir='ltr'><strong>tantum</strong></span> <span class='ocrx_word' id='word_1_53' title='bbox 778 1171 949 1233; x_wconf 73' lang='lat' dir='ltr'><strong>lectissimis</strong></span> <span class='ocrx_word' id='word_1_54' title='bbox 979 1169 1139 1230; x_wconf 86' lang='lat' dir='ltr'><strong>coloribus</strong></span> <span class='ocrx_word' id='word_1_55' title='bbox 1160 1167 1373 1248; x_wconf 78' lang='lat' dir='ltr'><strong>distinguttnt3</strong></span> 
     </span>
     <span class='ocr_line' id='line_1_8' title="bbox 348 1261 1385 1368; baseline -0.003 -21"><span class='ocrx_word' id='word_1_56' title='bbox 348 1288 454 1368; x_wconf 85' lang='lat' dir='ltr'><strong>paucis</strong></span> <span class='ocrx_word' id='word_1_57' title='bbox 477 1287 611 1362; x_wconf 87' lang='lat' dir='ltr'><strong>loricae,</strong></span> <span class='ocrx_word' id='word_1_58' title='bbox 644 1286 699 1347; x_wconf 80' lang='lat' dir='ltr'><strong>vix</strong></span> <span class='ocrx_word' id='word_1_59' title='bbox 721 1282 777 1344; x_wconf 82' lang='lat' dir='ltr'><strong>um</strong></span> <span class='ocrx_word' id='word_1_60' title='bbox 799 1283 927 1348; x_wconf 86' lang='lat' dir='ltr'><strong>alterive</strong></span> <span class='ocrx_word' id='word_1_61' title='bbox 950 1285 1045 1345; x_wconf 88' lang='lat' dir='ltr'><strong>cassis</strong></span> <span class='ocrx_word' id='word_1_62' title='bbox 1071 1297 1125 1345; x_wconf 83' lang='lat' dir='ltr'><strong>attt</strong></span> <span class='ocrx_word' id='word_1_63' title='bbox 1147 1285 1244 1364; x_wconf 83' lang='lat' dir='ltr'><strong>galea.</strong></span> <span class='ocrx_word' id='word_1_64' title='bbox 1288 1261 1385 1367; x_wconf 79' lang='lat' dir='ltr'><strong>Equi</strong></span> 
     </span>
     <span class='ocr_line' id='line_1_9' title="bbox 349 1397 1445 1489; baseline -0.002 -25"><span class='ocrx_word' id='word_1_65' title='bbox 349 1423 413 1465; x_wconf 90' lang='lat' dir='ltr'><strong>non</strong></span> <span class='ocrx_word' id='word_1_66' title='bbox 443 1403 561 1480; x_wconf 83' lang='lat' dir='ltr'><strong>forma,</strong></span> <span class='ocrx_word' id='word_1_67' title='bbox 592 1421 655 1463; x_wconf 92' lang='lat' dir='ltr'><strong>non</strong></span> <span class='ocrx_word' id='word_1_68' title='bbox 687 1401 849 1464; x_wconf 86' lang='lat' dir='ltr'><strong>velocitate</strong></span> <span class='ocrx_word' id='word_1_69' title='bbox 879 1398 1056 1480; x_wconf 82' lang='lat' dir='ltr'><strong>conspicui3</strong></span> <span class='ocrx_word' id='word_1_70' title='bbox 1088 1397 1144 1462; x_wconf 90' lang='lat' dir='ltr'><strong>sed</strong></span> <span class='ocrx_word' id='word_1_71' title='bbox 1170 1421 1228 1462; x_wconf 91' lang='lat' dir='ltr'><strong>nec</strong></span> <span class='ocrx_word' id='word_1_72' title='bbox 1249 1403 1374 1462; x_wconf 83' lang='lat' dir='ltr'><strong>variare</strong></span> <span class='ocrx_word' id='word_1_73' title='bbox 1444 1484 1445 1489; x_wconf 8' lang='grc' dir='ltr'>ἵ</span> 
     </span>
     <span class='ocr_line' id='line_1_10' title="bbox 348 1511 1445 1598; baseline -0.003 -20"><span class='ocrx_word' id='word_1_74' title='bbox 348 1537 442 1598; x_wconf 79' lang='lat' dir='ltr'><strong>gyros</strong></span> <span class='ocrx_word' id='word_1_75' title='bbox 463 1516 497 1576; x_wconf 88' lang='lat' dir='ltr'><strong>lu</strong></span> <span class='ocrx_word' id='word_1_76' title='bbox 519 1535 641 1578; x_wconf 89' lang='lat' dir='ltr'><strong>morem</strong></span> <span class='ocrx_word' id='word_1_77' title='bbox 666 1525 811 1576; x_wconf 87' lang='lat' dir='ltr'><strong>nostrum</strong></span> <span class='ocrx_word' id='word_1_78' title='bbox 831 1511 1002 1578; x_wconf 85' lang='lat' dir='ltr'>docentur:</span> <span class='ocrx_word' id='word_1_79' title='bbox 1032 1512 1066 1574; x_wconf 93' lang='lat' dir='ltr'><strong>in</strong></span> <span class='ocrx_word' id='word_1_80' title='bbox 1086 1526 1207 1577; x_wconf 86' lang='lat' dir='ltr'><strong>rectum</strong></span> <span class='ocrx_word' id='word_1_81' title='bbox 1231 1527 1285 1578; x_wconf 89' lang='lat' dir='ltr'><strong>aut</strong></span> <span class='ocrx_word' id='word_1_82' title='bbox 1307 1534 1372 1575; x_wconf 91' lang='lat' dir='ltr'><strong>uno</strong></span> <span class='ocrx_word' id='word_1_83' title='bbox 1444 1526 1445 1529; x_wconf 75' lang='grc'>’</span> 
     </span>
     <span class='ocr_line' id='line_1_11' title="bbox 349 1624 1373 1710; baseline 0 -21"><span class='ocrx_word' id='word_1_84' title='bbox 349 1627 434 1690; x_wconf 87' lang='lat' dir='ltr'><strong>llexu</strong></span> <span class='ocrx_word' id='word_1_85' title='bbox 457 1627 585 1690; x_wconf 80' lang='lat' dir='ltr'><strong>dextros</strong></span> <span class='ocrx_word' id='word_1_86' title='bbox 610 1639 706 1709; x_wconf 75' lang='lat' dir='ltr'><strong>agatnt</strong></span> <span class='ocrx_word' id='word_1_87' title='bbox 734 1627 778 1687; x_wconf 88' lang='lat' dir='ltr'><strong>ita</strong></span> <span class='ocrx_word' id='word_1_88' title='bbox 805 1628 974 1688; x_wconf 84' lang='lat' dir='ltr'><strong>coniuncto</strong></span> <span class='ocrx_word' id='word_1_89' title='bbox 996 1628 1074 1689; x_wconf 85' lang='lat' dir='ltr'><strong>orbe</strong></span> <span class='ocrx_word' id='word_1_90' title='bbox 1094 1637 1131 1688; x_wconf 88' lang='lat' dir='ltr'><strong>ut</strong></span> <span class='ocrx_word' id='word_1_91' title='bbox 1153 1649 1245 1692; x_wconf 87' lang='lat' dir='ltr'><strong>nemo</strong></span> <span class='ocrx_word' id='word_1_92' title='bbox 1266 1624 1373 1710; x_wconf 86' lang='lat' dir='ltr'><strong>posle-</strong></span> 
     </span>
     <span class='ocr_line' id='line_1_12' title="bbox 349 1739 1373 1826; baseline 0 -21"><span class='ocrx_word' id='word_1_93' title='bbox 349 1745 416 1807; x_wconf 85' lang='lat' dir='ltr'><strong>rior</strong></span> <span class='ocrx_word' id='word_1_94' title='bbox 438 1743 487 1805; x_wconf 87' lang='lat' dir='ltr'><strong>sit.</strong></span> <span class='ocrx_word' id='word_1_95' title='bbox 530 1745 566 1802; x_wconf 91' lang='lat' dir='ltr'><strong>ln</strong></span> <span class='ocrx_word' id='word_1_96' title='bbox 597 1743 783 1804; x_wconf 86' lang='lat' dir='ltr'><strong>universum</strong></span> <span class='ocrx_word' id='word_1_97' title='bbox 811 1739 987 1802; x_wconf 75' lang='lat' dir='ltr'><strong>aestimanti</strong></span> <span class='ocrx_word' id='word_1_98' title='bbox 1013 1741 1084 1820; x_wconf 88' lang='lat' dir='ltr'><strong>plus</strong></span> <span class='ocrx_word' id='word_1_99' title='bbox 1110 1761 1208 1821; x_wconf 88' lang='lat' dir='ltr'><strong>penes</strong></span> <span class='ocrx_word' id='word_1_100' title='bbox 1235 1741 1373 1826; x_wconf 85' lang='lat' dir='ltr'><strong>peditem</strong></span> 
     </span>
     <span class='ocr_line' id='line_1_13' title="bbox 349 1856 1373 1938; baseline 0.006 -22"><span class='ocrx_word' id='word_1_101' title='bbox 349 1856 490 1934; x_wconf 73' lang='lat' dir='ltr'><strong>roboris,</strong></span> <span class='ocrx_word' id='word_1_102' title='bbox 516 1875 618 1938; x_wconf 87' lang='lat' dir='ltr'><strong>eoque</strong></span> <span class='ocrx_word' id='word_1_103' title='bbox 640 1856 731 1918; x_wconf 83' lang='lat' dir='ltr'><strong>mixti</strong></span> <span class='ocrx_word' id='word_1_104' title='bbox 752 1857 950 1937; x_wconf 86' lang='lat' dir='ltr'><strong>proeliantur</strong></span> <span class='ocrx_word' id='word_1_105' title='bbox 975 1868 1047 1935; x_wconf 83' lang='lat' dir='ltr'><strong>apta</strong></span> <span class='ocrx_word' id='word_1_106' title='bbox 1068 1869 1099 1918; x_wconf 90' lang='lat' dir='ltr'><strong>et</strong></span> <span class='ocrx_word' id='word_1_107' title='bbox 1120 1871 1309 1936; x_wconf 82' lang='lat' dir='ltr'>congruente</span> <span class='ocrx_word' id='word_1_108' title='bbox 1332 1858 1373 1923; x_wconf 88' lang='lat' dir='ltr'><strong>ad</strong></span> 
     </span>
     <span class='ocr_line' id='line_1_14' title="bbox 350 1967 1446 2053; baseline -0.002 -22"><span class='ocrx_word' id='word_1_109' title='bbox 350 1983 525 2052; x_wconf 79' lang='lat' dir='ltr'><strong>equestrem</strong></span> <span class='ocrx_word' id='word_1_110' title='bbox 553 1989 689 2050; x_wconf 86' lang='lat' dir='ltr'><strong>pugnam</strong></span> <span class='ocrx_word' id='word_1_111' title='bbox 718 1968 882 2031; x_wconf 85' lang='lat' dir='ltr'><strong>velocitate</strong></span> <span class='ocrx_word' id='word_1_112' title='bbox 913 1967 1070 2048; x_wconf 89' lang='lat' dir='ltr'><strong>peditum,</strong></span> <span class='ocrx_word' id='word_1_113' title='bbox 1101 1987 1180 2053; x_wconf 85' lang='lat' dir='ltr'><strong>quos</strong></span> <span class='ocrx_word' id='word_1_114' title='bbox 1214 1991 1255 2032; x_wconf 87' lang='lat' dir='ltr'><strong>ex</strong></span> <span class='ocrx_word' id='word_1_115' title='bbox 1287 1972 1374 2034; x_wconf 85' lang='lat' dir='ltr'><strong>omni</strong></span> <span class='ocrx_word' id='word_1_116' title='bbox 1445 2006 1446 2029; x_wconf 86' lang='lat' dir='ltr'><strong>t</strong></span> 
     </span>
     <span class='ocr_line' id='line_1_15' title="bbox 348 2079 1446 2159; baseline 0.005 -16"><span class='ocrx_word' id='word_1_117' title='bbox 348 2089 509 2159; x_wconf 88' lang='lat' dir='ltr'><strong>juventute</strong></span> <span class='ocrx_word' id='word_1_118' title='bbox 533 2079 670 2146; x_wconf 84' lang='lat' dir='ltr'><strong>delectos</strong></span> <span class='ocrx_word' id='word_1_119' title='bbox 700 2093 783 2143; x_wconf 87' lang='lat' dir='ltr'><strong>ante·</strong></span> <span class='ocrx_word' id='word_1_120' title='bbox 800 2080 897 2143; x_wconf 87' lang='lat' dir='ltr'><strong>aciem</strong></span> <span class='ocrx_word' id='word_1_121' title='bbox 921 2081 1034 2142; x_wconf 87' lang='lat' dir='ltr'><strong>locant.</strong></span> <span class='ocrx_word' id='word_1_122' title='bbox 1076 2082 1236 2146; x_wconf 89' lang='lat' dir='ltr'><strong>Definitur</strong></span> <span class='ocrx_word' id='word_1_123' title='bbox 1258 2098 1290 2146; x_wconf 91' lang='lat' dir='ltr'><strong>et</strong></span> <span class='ocrx_word' id='word_1_124' title='bbox 1309 2107 1372 2148; x_wconf 82' lang='lat' dir='ltr'><strong>nu·</strong></span> <span class='ocrx_word' id='word_1_125' title='bbox 1445 2092 1446 2105; x_wconf 62' lang='lat'>¹</span> 
     </span>
     <span class='ocr_line' id='line_1_16' title="bbox 350 2193 1373 2280; baseline 0.009 -24"><span class='ocrx_word' id='word_1_126' title='bbox 350 2215 472 2260; x_wconf 85' lang='lat' dir='ltr'><strong>merus:</strong></span> <span class='ocrx_word' id='word_1_127' title='bbox 496 2199 618 2258; x_wconf 86' lang='lat' dir='ltr'><strong>centeni</strong></span> <span class='ocrx_word' id='word_1_128' title='bbox 641 2216 681 2258; x_wconf 86' lang='lat' dir='ltr'><strong>cx</strong></span> <span class='ocrx_word' id='word_1_129' title='bbox 703 2195 833 2275; x_wconf 81' lang='lat' dir='ltr'><strong>singulis</strong></span> <span class='ocrx_word' id='word_1_130' title='bbox 852 2198 938 2277; x_wconf 83' lang='lat' dir='ltr'><strong>pagis</strong></span> <span class='ocrx_word' id='word_1_131' title='bbox 959 2208 1032 2256; x_wconf 90' lang='lat' dir='ltr'><strong>suut</strong></span> <span class='ocrx_word' id='word_1_132' title='bbox 1051 2193 1146 2280; x_wconf 89' lang='lat' dir='ltr'><strong>idque</strong></span> <span class='ocrx_word' id='word_1_133' title='bbox 1165 2199 1270 2280; x_wconf 88' lang='lat' dir='ltr'><strong>ipsum</strong></span> <span class='ocrx_word' id='word_1_134' title='bbox 1289 2202 1373 2264; x_wconf 88' lang='lat' dir='ltr'><strong>inter</strong></span> 
     </span>
     <span class='ocr_line' id='line_1_17' title="bbox 351 2310 1373 2403; baseline 0.009 -31"><span class='ocrx_word' id='word_1_135' title='bbox 351 2331 424 2374; x_wconf 87' lang='lat' dir='ltr'><strong>suos</strong></span> <span class='ocrx_word' id='word_1_136' title='bbox 446 2321 617 2388; x_wconf 79' lang='lat' dir='ltr'><strong>vocantur3</strong></span> <span class='ocrx_word' id='word_1_137' title='bbox 650 2324 681 2372; x_wconf 92' lang='lat' dir='ltr'><strong>et</strong></span> <span class='ocrx_word' id='word_1_138' title='bbox 710 2310 798 2393; x_wconf 91' lang='lat' dir='ltr'><strong>quod</strong></span> <span class='ocrx_word' id='word_1_139' title='bbox 820 2313 924 2393; x_wconf 89' lang='lat' dir='ltr'><strong>primo</strong></span> <span class='ocrx_word' id='word_1_140' title='bbox 949 2331 1104 2403; x_wconf 19' lang='lat' dir='ltr'><strong>&#39;numerus</strong></span> <span class='ocrx_word' id='word_1_141' title='bbox 1124 2315 1200 2394; x_wconf 91' lang='lat' dir='ltr'><strong>fuit,</strong></span> <span class='ocrx_word' id='word_1_142' title='bbox 1228 2322 1291 2394; x_wconf 86' lang='lat' dir='ltr'><strong>jam</strong></span> <span class='ocrx_word' id='word_1_143' title='bbox 1313 2339 1373 2381; x_wconf 91' lang='lat' dir='ltr'><strong>no-</strong></span> 
     </span>
    </p>
   </div>
   <div class='ocr_carea' id='block_1_3' title="bbox 352 2421 1448 2509">
    <p class='ocr_par' dir='ltr' id='par_1_3' title="bbox 352 2421 1448 2509">
     <span class='ocr_line' id='line_1_18' title="bbox 352 2421 1448 2509; baseline 0.008 -24"><span class='ocrx_word' id='word_1_144' title='bbox 352 2446 424 2485; x_wconf 89' lang='lat' dir='ltr'><strong>men</strong></span> <span class='ocrx_word' id='word_1_145' title='bbox 448 2437 477 2487; x_wconf 90' lang='lat' dir='ltr'><strong>et</strong></span> <span class='ocrx_word' id='word_1_146' title='bbox 502 2425 607 2487; x_wconf 89' lang='lat' dir='ltr'><strong>honor</strong></span> <span class='ocrx_word' id='word_1_147' title='bbox 628 2434 705 2486; x_wconf 74' lang='lat' dir='ltr'><strong>est·</strong></span> <span class='ocrx_word' id='word_1_148' title='bbox 737 2421 828 2486; x_wconf 80' lang='lat' dir='ltr'><strong>Acies</strong></span> <span class='ocrx_word' id='word_1_149' title='bbox 854 2445 912 2505; x_wconf 85' lang='lat' dir='ltr'><strong>per</strong></span> <span class='ocrx_word' id='word_1_150' title='bbox 933 2446 1049 2487; x_wconf 86' lang='lat' dir='ltr'><strong>ctmeos</strong></span> <span class='ocrx_word' id='word_1_151' title='bbox 1071 2428 1281 2509; x_wconf 82' lang='lat' dir='ltr'><strong>componitur.</strong></span> <span class='ocrx_word' id='word_1_152' title='bbox 1323 2454 1373 2496; x_wconf 90' lang='lat' dir='ltr'><strong>ce·</strong></span> <span class='ocrx_word' id='word_1_153' title='bbox 1446 2453 1448 2469; x_wconf 79' lang='lat'><strong>¹</strong></span> 
     </span>
    </p>
   </div>
   <div class='ocr_carea' id='block_1_4' title="bbox 321 2536 1447 4225">
    <p class='ocr_par' dir='ltr' id='par_1_4' title="bbox 350 2536 1447 3194">
     <span class='ocr_line' id='line_1_19' title="bbox 352 2536 1374 2627; baseline 0.007 -26"><span class='ocrx_word' id='word_1_154' title='bbox 352 2540 427 2601; x_wconf 90' lang='lat' dir='ltr'><strong>dere</strong></span> <span class='ocrx_word' id='word_1_155' title='bbox 448 2542 527 2614; x_wconf 91' lang='lat' dir='ltr'><strong>loco,</strong></span> <span class='ocrx_word' id='word_1_156' title='bbox 550 2536 721 2602; x_wconf 90' lang='lat' dir='ltr'><strong>dummodo</strong></span> <span class='ocrx_word' id='word_1_157' title='bbox 744 2560 853 2601; x_wconf 86' lang='lat' dir='ltr'><strong>rursus</strong></span> <span class='ocrx_word' id='word_1_158' title='bbox 876 2540 983 2618; x_wconf 86' lang='lat' dir='ltr'><strong>instes,</strong></span> <span class='ocrx_word' id='word_1_159' title='bbox 1004 2542 1127 2604; x_wconf 86' lang='lat' dir='ltr'><strong>consilii</strong></span> <span class='ocrx_word' id='word_1_160' title='bbox 1147 2564 1241 2627; x_wconf 87' lang='lat' dir='ltr'><strong>quam</strong></span> <span class='ocrx_word' id='word_1_161' title='bbox 1261 2546 1374 2607; x_wconf 86' lang='lat' dir='ltr'><strong>formi-</strong></span> 
     </span>
     <span class='ocr_line' id='line_1_20' title="bbox 351 2650 1447 2734; baseline 0.008 -19"><span class='ocrx_word' id='word_1_162' title='bbox 351 2651 432 2715; x_wconf 85' lang='lat' dir='ltr'><strong>dinis</strong></span> <span class='ocrx_word' id='word_1_163' title='bbox 464 2652 665 2714; x_wconf 83' lang='lat' dir='ltr'><strong>arbitrantur.</strong></span> <span class='ocrx_word' id='word_1_164' title='bbox 729 2650 871 2734; x_wconf 87' lang='lat' dir='ltr'><strong>Corpora</strong></span> <span class='ocrx_word' id='word_1_165' title='bbox 910 2675 1041 2717; x_wconf 88' lang='lat' dir='ltr'><strong>suorum</strong></span> <span class='ocrx_word' id='word_1_166' title='bbox 1075 2655 1168 2719; x_wconf 86' lang='lat' dir='ltr'><strong>etiam</strong></span> <span class='ocrx_word' id='word_1_167' title='bbox 1202 2657 1236 2719; x_wconf 93' lang='lat' dir='ltr'><strong>in</strong></span> <span class='ocrx_word' id='word_1_168' title='bbox 1267 2656 1374 2723; x_wconf 89' lang='lat' dir='ltr'><strong>dubiis</strong></span> <span class='ocrx_word' id='word_1_169' title='bbox 1446 2685 1447 2698; x_wconf 58' lang='lat'>¹</span> 
     </span>
     <span class='ocr_line' id='line_1_21' title="bbox 351 2769 1447 2857; baseline 0.006 -26"><span class='ocrx_word' id='word_1_170' title='bbox 351 2770 477 2853; x_wconf 88' lang='lat' dir='ltr'><strong>proeliis</strong></span> <span class='ocrx_word' id='word_1_171' title='bbox 504 2770 659 2831; x_wconf 83' lang='lat' dir='ltr'><strong>referunt.</strong></span> <span class='ocrx_word' id='word_1_172' title='bbox 703 2769 832 2833; x_wconf 88' lang='lat' dir='ltr'><strong>Scntum</strong></span> <span class='ocrx_word' id='word_1_173' title='bbox 862 2770 1025 2853; x_wconf 83' lang='lat' dir='ltr'><strong>reliquisse</strong></span> <span class='ocrx_word' id='word_1_174' title='bbox 1053 2774 1256 2854; x_wconf 85' lang='lat' dir='ltr'><strong>praecipuum</strong></span> <span class='ocrx_word' id='word_1_175' title='bbox 1284 2774 1373 2857; x_wconf 86' lang='lat' dir='ltr'><strong>flagi·</strong></span> <span class='ocrx_word' id='word_1_176' title='bbox 1446 2789 1447 2796; x_wconf 76' lang='grc'>’</span> 
     </span>
     <span class='ocr_line' id='line_1_22' title="bbox 350 2882 1447 2969; baseline 0.005 -21"><span class='ocrx_word' id='word_1_177' title='bbox 350 2886 446 2963; x_wconf 78' lang='lat' dir='ltr'><strong>tium3</strong></span> <span class='ocrx_word' id='word_1_178' title='bbox 469 2906 527 2945; x_wconf 87' lang='lat' dir='ltr'><strong>nec</strong></span> <span class='ocrx_word' id='word_1_179' title='bbox 549 2896 603 2945; x_wconf 90' lang='lat' dir='ltr'><strong>aut</strong></span> <span class='ocrx_word' id='word_1_180' title='bbox 627 2885 721 2945; x_wconf 83' lang='lat' dir='ltr'><strong>sacris</strong></span> <span class='ocrx_word' id='word_1_181' title='bbox 745 2882 853 2945; x_wconf 86' lang='lat' dir='ltr'><strong>adesse</strong></span> <span class='ocrx_word' id='word_1_182' title='bbox 875 2895 929 2943; x_wconf 88' lang='lat' dir='ltr'><strong>aut</strong></span> <span class='ocrx_word' id='word_1_183' title='bbox 949 2886 1116 2947; x_wconf 89' lang='lat' dir='ltr'><strong>concilium</strong></span> <span class='ocrx_word' id='word_1_184' title='bbox 1137 2887 1218 2949; x_wconf 87' lang='lat' dir='ltr'><strong>inire</strong></span> <span class='ocrx_word' id='word_1_185' title='bbox 1238 2888 1373 2969; x_wconf 79' lang='lat' dir='ltr'><strong>ignomi-</strong></span> <span class='ocrx_word' id='word_1_186' title='bbox 1446 2885 1447 2894; x_wconf 39' lang='lat'>¹</span> 
     </span>
     <span class='ocr_line' id='line_1_23' title="bbox 352 2997 1373 3079; baseline 0.011 -21"><span class='ocrx_word' id='word_1_187' title='bbox 352 2998 442 3059; x_wconf 90' lang='lat' dir='ltr'><strong>nioso</strong></span> <span class='ocrx_word' id='word_1_188' title='bbox 471 2998 535 3072; x_wconf 87' lang='lat' dir='ltr'><strong>fas,</strong></span> <span class='ocrx_word' id='word_1_189' title='bbox 567 2997 720 3079; x_wconf 89' lang='lat' dir='ltr'><strong>multique</strong></span> <span class='ocrx_word' id='word_1_190' title='bbox 749 2998 930 3079; x_wconf 83' lang='lat' dir='ltr'><strong>superstites</strong></span> <span class='ocrx_word' id='word_1_191' title='bbox 959 3000 1116 3063; x_wconf 89' lang='lat' dir='ltr'><strong>bellorum</strong></span> <span class='ocrx_word' id='word_1_192' title='bbox 1136 3003 1298 3066; x_wconf 79' lang='lat' dir='ltr'><strong>infamiam</strong></span> <span class='ocrx_word' id='word_1_193' title='bbox 1325 3009 1373 3069; x_wconf 89' lang='lat' dir='ltr'><strong>la·</strong></span> 
     </span>
     <span class='ocr_line' id='line_1_24' title="bbox 353 3110 617 3194; baseline 0 -22"><span class='ocrx_word' id='word_1_194' title='bbox 353 3132 434 3194; x_wconf 90' lang='lat' dir='ltr'><strong>queo</strong></span> <span class='ocrx_word' id='word_1_195' title='bbox 458 3110 617 3174; x_wconf 84' lang='lat' dir='ltr'><strong>finierunt.</strong></span> 
     </span>
    </p>

    <p class='ocr_par' dir='ltr' id='par_1_5' title="bbox 321 3222 1375 4225">
     <span class='ocr_line' id='line_1_25' title="bbox 321 3222 1374 3305; baseline 0.015 -22"><span class='ocrx_word' id='word_1_196' title='bbox 321 3240 340 3289; x_wconf 72' lang='lat' dir='ltr'><strong>t</strong></span> <span class='ocrx_word' id='word_1_197' title='bbox 435 3222 533 3305; x_wconf 85' lang='lat' dir='ltr'><strong>Reges</strong></span> <span class='ocrx_word' id='word_1_198' title='bbox 554 3244 594 3285; x_wconf 84' lang='lat' dir='ltr'><strong>ex</strong></span> <span class='ocrx_word' id='word_1_199' title='bbox 617 3225 789 3304; x_wconf 87' lang='lat' dir='ltr'><strong>nobilitate,</strong></span> <span class='ocrx_word' id='word_1_200' title='bbox 812 3226 905 3291; x_wconf 88' lang='lat' dir='ltr'><strong>duces</strong></span> <span class='ocrx_word' id='word_1_201' title='bbox 928 3247 968 3288; x_wconf 89' lang='lat' dir='ltr'><strong>ex</strong></span> <span class='ocrx_word' id='word_1_202' title='bbox 989 3226 1106 3290; x_wconf 79' lang='lat' dir='ltr'><strong>virtute</strong></span> <span class='ocrx_word' id='word_1_203' title='bbox 1124 3244 1263 3293; x_wconf 85' lang='lat' dir='ltr'><strong>sumunt.</strong></span> <span class='ocrx_word' id='word_1_204' title='bbox 1305 3233 1374 3298; x_wconf 89' lang='lat' dir='ltr'><strong>Nec</strong></span> 
     </span>
     <span class='ocr_line' id='line_1_26' title="bbox 349 3338 1374 3433; baseline 0.018 -37"><span class='ocrx_word' id='word_1_205' title='bbox 349 3338 476 3417; x_wconf 81' lang='lat' dir='ltr'><strong>regibus</strong></span> <span class='ocrx_word' id='word_1_206' title='bbox 505 3340 626 3402; x_wconf 87' lang='lat' dir='ltr'><strong>infinita</strong></span> <span class='ocrx_word' id='word_1_207' title='bbox 656 3355 710 3403; x_wconf 90' lang='lat' dir='ltr'><strong>aut</strong></span> <span class='ocrx_word' id='word_1_208' title='bbox 738 3344 838 3404; x_wconf 88' lang='lat' dir='ltr'><strong>libera</strong></span> <span class='ocrx_word' id='word_1_209' title='bbox 866 3355 1019 3424; x_wconf 89' lang='lat' dir='ltr'><strong>potestas,</strong></span> <span class='ocrx_word' id='word_1_210' title='bbox 1049 3357 1082 3407; x_wconf 90' lang='lat' dir='ltr'><strong>et</strong></span> <span class='ocrx_word' id='word_1_211' title='bbox 1109 3345 1204 3411; x_wconf 83' lang='lat' dir='ltr'><strong>dtrces</strong></span> <span class='ocrx_word' id='word_1_212' title='bbox 1226 3354 1374 3433; x_wconf 88' lang='lat' dir='ltr'><strong>exemplo</strong></span> 
     </span>
     <span class='ocr_line' id='line_1_27' title="bbox 351 3453 1373 3543; baseline 0.022 -34"><span class='ocrx_word' id='word_1_213' title='bbox 351 3453 455 3530; x_wconf 90' lang='lat' dir='ltr'><strong>potius</strong></span> <span class='ocrx_word' id='word_1_214' title='bbox 480 3472 574 3534; x_wconf 89' lang='lat' dir='ltr'><strong>quam</strong></span> <span class='ocrx_word' id='word_1_215' title='bbox 596 3455 747 3536; x_wconf 90' lang='lat' dir='ltr'><strong>imperio,</strong></span> <span class='ocrx_word' id='word_1_216' title='bbox 774 3457 801 3517; x_wconf 94' lang='lat' dir='ltr'><strong>si</strong></span> <span class='ocrx_word' id='word_1_217' title='bbox 822 3460 975 3541; x_wconf 89' lang='lat' dir='ltr'><strong>prompti,</strong></span> <span class='ocrx_word' id='word_1_218' title='bbox 1005 3461 1031 3521; x_wconf 85' lang='lat' dir='ltr'><strong>si</strong></span> <span class='ocrx_word' id='word_1_219' title='bbox 1052 3465 1229 3543; x_wconf 85' lang='lat' dir='ltr'><strong>conspicui,</strong></span> <span class='ocrx_word' id='word_1_220' title='bbox 1251 3468 1279 3527; x_wconf 93' lang='lat' dir='ltr'><strong>si</strong></span> <span class='ocrx_word' id='word_1_221' title='bbox 1299 3483 1373 3531; x_wconf 89' lang='lat' dir='ltr'><strong>ante</strong></span> 
     </span>
     <span class='ocr_line' id='line_1_28' title="bbox 352 3566 1373 3665; baseline 0.017 -38"><span class='ocrx_word' id='word_1_222' title='bbox 352 3566 448 3628; x_wconf 82' lang='lat' dir='ltr'><strong>aciem</strong></span> <span class='ocrx_word' id='word_1_223' title='bbox 483 3582 591 3648; x_wconf 86' lang='lat' dir='ltr'><strong>agant,</strong></span> <span class='ocrx_word' id='word_1_224' title='bbox 633 3570 838 3635; x_wconf 85' lang='lat' dir='ltr'><strong>admiratione</strong></span> <span class='ocrx_word' id='word_1_225' title='bbox 870 3587 1029 3657; x_wconf 85' lang='lat' dir='ltr'><strong>praesunt.</strong></span> <span class='ocrx_word' id='word_1_226' title='bbox 1085 3576 1232 3640; x_wconf 88' lang='lat' dir='ltr'><strong>Ceterum</strong></span> <span class='ocrx_word' id='word_1_227' title='bbox 1268 3602 1373 3665; x_wconf 87' lang='lat' dir='ltr'><strong>neque</strong></span> 
     </span>
     <span class='ocr_line' id='line_1_29' title="bbox 352 3679 1375 3774; baseline 0.017 -33"><span class='ocrx_word' id='word_1_228' title='bbox 352 3679 600 3745; x_wconf 86' lang='lat' dir='ltr'><strong>animadvertere</strong></span> <span class='ocrx_word' id='word_1_229' title='bbox 622 3705 725 3768; x_wconf 90' lang='lat' dir='ltr'><strong>neque</strong></span> <span class='ocrx_word' id='word_1_230' title='bbox 747 3687 881 3765; x_wconf 81' lang='lat' dir='ltr'><strong>vincire,</strong></span> <span class='ocrx_word' id='word_1_231' title='bbox 903 3710 943 3749; x_wconf 91' lang='lat' dir='ltr'><strong>ne</strong></span> <span class='ocrx_word' id='word_1_232' title='bbox 964 3692 1132 3752; x_wconf 78' lang='lat' dir='ltr'><strong>verberare</strong></span> <span class='ocrx_word' id='word_1_233' title='bbox 1154 3690 1289 3774; x_wconf 88' lang='lat' dir='ltr'><strong>quidem,</strong></span> <span class='ocrx_word' id='word_1_234' title='bbox 1311 3696 1375 3759; x_wconf 87' lang='lat' dir='ltr'><strong>nisi</strong></span> 
     </span>
     <span class='ocr_line' id='line_1_30' title="bbox 353 3794 1373 3885; baseline 0.014 -31"><span class='ocrx_word' id='word_1_235' title='bbox 353 3794 566 3859; x_wconf 85' lang='lat' dir='ltr'><strong>sacerdotibus</strong></span> <span class='ocrx_word' id='word_1_236' title='bbox 589 3800 791 3879; x_wconf 84' lang='lat' dir='ltr'><strong>permissum:</strong></span> <span class='ocrx_word' id='word_1_237' title='bbox 815 3822 881 3865; x_wconf 93' lang='lat' dir='ltr'><strong>non</strong></span> <span class='ocrx_word' id='word_1_238' title='bbox 904 3802 994 3885; x_wconf 88' lang='lat' dir='ltr'><strong>quasi</strong></span> <span class='ocrx_word' id='word_1_239' title='bbox 1014 3801 1047 3862; x_wconf 93' lang='lat' dir='ltr'><strong>in</strong></span> <span class='ocrx_word' id='word_1_240' title='bbox 1069 3820 1213 3882; x_wconf 87' lang='lat' dir='ltr'><strong>poenam,</strong></span> <span class='ocrx_word' id='word_1_241' title='bbox 1238 3826 1294 3866; x_wconf 92' lang='lat' dir='ltr'><strong>nec</strong></span> <span class='ocrx_word' id='word_1_242' title='bbox 1314 3804 1373 3868; x_wconf 91' lang='lat' dir='ltr'><strong>du·</strong></span> 
     </span>
     <span class='ocr_line' id='line_1_31' title="bbox 353 3908 1374 3995; baseline 0.013 -28"><span class='ocrx_word' id='word_1_243' title='bbox 353 3908 395 3968; x_wconf 87' lang='lat' dir='ltr'><strong>cis</strong></span> <span class='ocrx_word' id='word_1_244' title='bbox 417 3912 523 3987; x_wconf 85' lang='lat' dir='ltr'><strong>jussu,</strong></span> <span class='ocrx_word' id='word_1_245' title='bbox 556 3911 610 3974; x_wconf 89' lang='lat' dir='ltr'><strong>sed</strong></span> <span class='ocrx_word' id='word_1_246' title='bbox 639 3914 723 3977; x_wconf 87' lang='lat' dir='ltr'><strong>velut</strong></span> <span class='ocrx_word' id='word_1_247' title='bbox 753 3912 813 3975; x_wconf 91' lang='lat' dir='ltr'><strong>deo</strong></span> <span class='ocrx_word' id='word_1_248' title='bbox 837 3914 1026 3994; x_wconf 89' lang='lat' dir='ltr'><strong>imperante,</strong></span> <span class='ocrx_word' id='word_1_249' title='bbox 1056 3934 1150 3995; x_wconf 86' lang='lat' dir='ltr'><strong>quem</strong></span> <span class='ocrx_word' id='word_1_250' title='bbox 1175 3914 1282 3979; x_wconf 88' lang='lat' dir='ltr'><strong>adesse</strong></span> <span class='ocrx_word' id='word_1_251' title='bbox 1303 3920 1374 3979; x_wconf 89' lang='lat' dir='ltr'><strong>bel-</strong></span> 
     </span>
     <span class='ocr_line' id='line_1_32' title="bbox 351 4021 1374 4109; baseline 0.011 -27"><span class='ocrx_word' id='word_1_252' title='bbox 351 4021 489 4083; x_wconf 90' lang='lat' dir='ltr'><strong>lantibus</strong></span> <span class='ocrx_word' id='word_1_253' title='bbox 512 4024 661 4109; x_wconf 70' lang='lat' dir='ltr'><strong>creduut,</strong></span> <span class='ocrx_word' id='word_1_254' title='bbox 691 4026 872 4106; x_wconf 81' lang='lat' dir='ltr'><strong>effigiesque</strong></span> <span class='ocrx_word' id='word_1_255' title='bbox 898 4036 929 4085; x_wconf 88' lang='lat' dir='ltr'><strong>et</strong></span> <span class='ocrx_word' id='word_1_256' title='bbox 952 4026 1038 4105; x_wconf 86' lang='lat' dir='ltr'><strong>signa</strong></span> <span class='ocrx_word' id='word_1_257' title='bbox 1059 4026 1213 4109; x_wconf 87' lang='lat' dir='ltr'><strong>quaedam</strong></span> <span class='ocrx_word' id='word_1_258' title='bbox 1234 4029 1374 4093; x_wconf 86' lang='lat' dir='ltr'><strong>detracta</strong></span> 
     </span>
     <span class='ocr_line' id='line_1_33' title="bbox 351 4134 1373 4225; baseline 0.014 -30"><span class='ocrx_word' id='word_1_259' title='bbox 351 4134 428 4197; x_wconf 85' lang='lat' dir='ltr'><strong>lusis</strong></span> <span class='ocrx_word' id='word_1_260' title='bbox 450 4137 485 4197; x_wconf 88' lang='lat' dir='ltr'><strong>in</strong></span> <span class='ocrx_word' id='word_1_261' title='bbox 506 4140 659 4219; x_wconf 86' lang='lat' dir='ltr'><strong>proelium</strong></span> <span class='ocrx_word' id='word_1_262' title='bbox 682 4140 797 4202; x_wconf 89' lang='lat' dir='ltr'><strong>lerunt.</strong></span> <span class='ocrx_word' id='word_1_263' title='bbox 841 4136 998 4223; x_wconf 85' lang='lat' dir='ltr'><strong>Quodque</strong></span> <span class='ocrx_word' id='word_1_264' title='bbox 1021 4144 1223 4225; x_wconf 85' lang='lat' dir='ltr'><strong>praecipuum</strong></span> <span class='ocrx_word' id='word_1_265' title='bbox 1245 4146 1373 4211; x_wconf 76' lang='lat' dir='ltr'><strong>tortitu-</strong></span> 
     </span>
    </p>
   </div>
   <div class='ocr_carea' id='block_1_5' title="bbox 0 0 1488 4875">
    <p class='ocr_par' dir='ltr' id='par_1_6' title="bbox 0 0 1488 4875">
     <span class='ocr_line' id='line_1_34' title="bbox 0 0 1488 4875; baseline 0 0"><span class='ocrx_word' id='word_1_266' title='bbox 0 0 1488 4875; x_wconf 95' lang='lat' dir='ltr'><strong> </strong></span> 
     </span>
    </p>
   </div>
  </div>
 </body>
</html>
