2959 4875
488 385 551 455 nx
571 386 808 456 msrouus
981 488 985 495 Ι
1115 388 1160 455 ss

133 564 240 627 cultus
270 560 402 628 nuntius
433 559 587 623 venientis
622 560 733 621 aemilii
764 570 951 642 penetraret.
1000 562 1159 625 machinas

132 679 317 760 molemque
333 696 467 757 operum
486 674 612 739 Batavis
630 674 767 755 delegat:
786 676 1047 738 Transrhenanos
1063 696 1160 757 proe-

132 794 215 854 lium
243 802 410 872 poscentes
433 786 474 851 ad
502 786 708 851 scindendum
734 790 853 852 vallum
879 788 926 851 ire
954 788 1160 873 detrusosque

133 907 353 990 redintegrare
389 918 549 969 certamen
580 908 669 984 jubet
700 918 869 988 superante
901 904 1101 969 multitudine
1131 919 1161 968 et

133 1022 224 1088 facili
243 1021 371 1086 damno.
414 1042 471 1083 nec
493 1020 589 1083 linem
608 1021 712 1084 labori
733 1043 800 1085 nox
821 1022 935 1085 attulit.

225 1192 386 1271 Congestis
408 1192 524 1253 circum
542 1192 633 1271 lignis
656 1192 854 1277 accensisque
876 1194 968 1255 simul
991 1192 1161 1274 epulantes,
1174 1196 1244 1260 ms

138 1317 175 1366 ut
197 1305 331 1386 quisque
351 1303 427 1367 rino
449 1304 637 1381 incaluerat,
660 1302 699 1365 ad
723 1327 861 1387 pugnam
881 1307 1054 1369 temeritate
1075 1305 1164 1367 inani

138 1418 333 1479 ferebantur.
384 1420 500 1501 quippe
532 1419 676 1501 ipsorum
707 1421 769 1481 tela
800 1442 858 1502 per
888 1423 1034 1483 tenebras
1063 1443 1163 1484 vana:

138 1530 276 1591 Romani
306 1532 505 1624 conspicuam
533 1532 744 1594 barbarorum
766 1534 881 1609 aciem,
915 1546 947 1595 et
967 1534 994 1595 si
1016 1534 1086 1615 quis
1108 1556 1165 1595 au·

140 1642 227 1706 dacia
260 1659 313 1707 aut
344 1644 519 1727 insignibus
550 1648 716 1728 effulgens,
755 1644 795 1707 ad
825 1649 921 1709 ictum
956 1644 1164 1708 destinabant.

138 1761 335 1825 Intellectum
364 1761 398 1824 id
426 1762 536 1842 Civili,
568 1775 600 1825 et
624 1762 774 1827 restincto
801 1764 873 1844 igne
902 1764 1025 1825 misceri
1054 1775 1164 1825 cuncta

139 1877 282 1937 tenebris
313 1890 343 1938 et
371 1880 465 1940 armis
494 1880 592 1957 jubet.
641 1879 724 1941 Tum
755 1899 830 1941 vero
859 1878 1005 1961 strepitus
1036 1875 1164 1953 dissoni,

140 2010 235 2051 casus
256 1988 372 2066 incerti,
393 2013 496 2074 neque
516 1991 649 2053 feriendi
671 2012 775 2075 neque
798 1989 975 2054 declinandi
996 1988 1165 2071 providen-

139 2102 195 2165 tia.
244 2098 329 2164 unde
352 2106 470 2165 clamor
492 2103 644 2166 acciderat
675 2103 886 2182 circumagere
915 2123 1066 2184 corpora,
1097 2113 1166 2161 ten-

142 2214 220 2277 dere
244 2237 345 2278 arcus.
387 2218 466 2278 nihil
493 2216 643 2299 prodesse
664 2216 779 2295 virtus,
807 2218 873 2280 fors
896 2230 1007 2280 cuncta
1029 2217 1168 2290 turbare,

143 2339 177 2389 et
196 2328 383 2409 ignavorum
406 2351 498 2411 saepe
526 2330 595 2392 telis
624 2330 786 2392 fortissimi
815 2330 935 2393 cadere.
978 2327 1063 2411 apud
1087 2328 1167 2389 Ger-

142 2463 252 2506 manos
272 2444 452 2506 inconsulta
472 2445 538 2508 ira:
568 2467 719 2508 romanus
742 2447 831 2508 miles
852 2448 1066 2527 periculorum
1091 2468 1167 2524 gna-

142 2577 198 2617 rus
223 2558 355 2619 ferratas
376 2557 485 2634 sudes,
507 2558 614 2636 gravia
636 2579 712 2619 saxa
733 2579 799 2620 non
821 2559 903 2619 forte
926 2559 1069 2635 jaciebat.
1111 2557 1167 2618 ubi

145 2673 268 2735 sonitus
288 2674 485 2735 molientium
511 2687 564 2734 aut
592 2675 752 2756 appositae
776 2674 876 2734 scalae
902 2673 1022 2734 hostem
1044 2671 1079 2732 in
1101 2692 1168 2731 ma·

143 2806 205 2848 nus
234 2783 403 2864 dederant,
433 2787 611 2866 propellere
640 2787 797 2863 umbone,
824 2788 891 2868 pilo
913 2786 1021 2870 sequi:
1053 2786 1169 2846 multos

144 2901 181 2961 in
210 2900 338 2962 moenia
370 2917 509 2978 egressos
539 2900 729 2980 pugionibus
763 2897 881 2966 fodere.
934 2899 985 2962 Sic
1017 2901 1170 2961 exhausta

145 3025 236 3077 nocte
258 3033 374 3077 novam
399 3015 497 3076 aciem
519 3010 584 3075 dies
606 3016 739 3095 aperuit.

233 3185 422 3251 Eduxerant
453 3186 565 3252 Batavi
598 3183 709 3246 turrim
737 3179 857 3263 duplici
886 3181 1043 3260 tabulato,
1076 3201 1171 3264 quam
1184 3187 1255 3249 4,³o

146 3303 323 3386 praetoriae
349 3315 460 3385 portae
488 3299 529 3386 (is
553 3300 759 3384 aequissimus
780 3291 883 3380 locus)
905 3297 1172 3378 propinquantem

146 3417 287 3498 promoti
312 3430 422 3481 contra
442 3414 540 3480 validi
561 3434 681 3478 asseres
703 3428 734 3477 et
760 3413 902 3476 incussae
924 3414 1028 3473 trabes
1051 3412 1173 3493 perire·

146 3553 219 3612 gere
256 3534 357 3596 multa
389 3532 635 3614 superstantium
670 3529 821 3612 pernicie.
871 3538 1107 3610 pugnatumque
1138 3523 1172 3582 in

147 3651 310 3732 perculsos
331 3649 436 3715 subita
463 3662 496 3712 et
514 3668 668 3730 prospera
689 3646 867 3727 eruptione.
913 3641 1015 3704 Simul
1035 3660 1054 3698 a
1075 3636 1174 3716 legio-

147 3763 245 3830 nariis
276 3763 391 3844 peritia
421 3774 453 3823 et
481 3773 549 3824 arte
581 3759 813 3842 praestantibus
842 3759 935 3838 plura
966 3754 1175 3814 struebantur.

147 3877 354 3958 praecipuum
374 3896 526 3957 pavorem
546 3875 653 3938 intulit
674 3893 861 3955 suspensum
879 3881 910 3930 et
927 3877 1043 3928 nutans
1057 3865 1175 3928 machi-

148 4001 352 4068 namentum,
386 4009 451 4072 qno
481 4001 611 4069 repente
641 3985 776 4050 demisso
803 3993 930 4065 praeter
960 3999 1091 4043 suorum
1119 4001 1174 4042 ora

148 4105 266 4185 singuli
293 4106 441 4187 pluresve
470 4105 607 4168 hostium
639 4101 773 4167 sublime
803 4096 887 4180 rapti
913 4115 1006 4161 verso
1034 4093 1175 4178 pondere
