2959 4875
347 402 410 469 tls
690 401 753 469 ux
776 400 1013 470 HISTORIIS

347 569 519 637 cusantium
538 573 641 637 habeo
662 592 756 655 quam
778 569 866 655 quod
888 591 945 639 vos
966 570 1068 653 gallici
1089 568 1226 636 foederis
1247 572 1367 639 oblitos

345 688 464 761 redisse
484 688 519 751 in
542 688 724 752 memoriam
745 689 869 751 romani
881 688 1075 753 ‘sacramenti
1096 701 1212 753 temere
1235 690 1368 757 credidi.

346 808 580 869 annumerabor
607 802 759 870 NumisIIs
791 816 821 866 et
849 804 1036 882 Herenniis,
1070 817 1105 869 ut
1138 824 1245 867 omnes
1275 807 1367 887 legati

347 920 442 985 uestri
463 931 517 999 aul
540 919 674 983 militum
695 919 840 984 manibus
862 933 916 983 out
935 918 1073 983 hostium
1096 916 1274 983 ceciderint.
1314 919 1368 997 ite,
1458 1003 1459 1009 ἵ

348 1034 488 1098 nuntiate
516 1031 712 1115 Vespasiano
742 1035 812 1113 vel,
845 1032 933 1117 quod
961 1032 1093 1116 propius
1123 1043 1185 1111 est,
1217 1030 1311 1098 civili
1338 1046 1370 1097 et
1458 1016 1459 1063 4

347 1148 485 1211 Classico
512 1148 657 1210 relictum
686 1169 705 1209 a
728 1149 820 1212 vobis
849 1148 884 1211 iu
912 1148 979 1211 acle
1007 1144 1129 1209 ducem.
1171 1148 1299 1211 venient
1322 1150 1369 1211 le·
1458 1130 1459 1147 ἦ

347 1264 455 1343 giones
487 1282 568 1347 quae
597 1282 701 1345 neque
729 1284 780 1327 mo
808 1262 945 1325 inultum
977 1283 1080 1346 neque
1108 1281 1167 1327 ros
1195 1260 1369 1345 inspunitos

348 1377 526 1461 potiantur?

264 1504 336 1569 mo
432 1490 519 1556 Vera
538 1504 629 1556 erant
651 1504 682 1555 et
702 1515 721 1555 a
740 1492 878 1557 tribunis
899 1491 1126 1576 praefectisque
1148 1486 1258 1554 eadem
1281 1490 1371 1571 iuge·

348 1605 511 1668 rebantur.
553 1603 737 1669 Consistunt
755 1625 815 1687 per
832 1606 976 1670 cobortes
998 1616 1029 1667 et
1046 1606 1241 1687 manipulos:
1264 1626 1370 1688 neqrse

349 1719 434 1780 enim
453 1732 600 1800 poterant
620 1731 781 1800 patescere
804 1716 885 1782 ecies
906 1718 1007 1781 effuso
1028 1719 1117 1781 hoste
1144 1730 1176 1783 et
1196 1716 1372 1800 impedien-

348 1830 433 1891 tibus
453 1831 595 1894 tentoriis
616 1829 825 1913 sarcinisque,
849 1848 948 1913 quum
968 1832 1051 1893 intra
1074 1832 1193 1896 vallum
1212 1852 1373 1913 pugnare·

349 1953 413 2007 mr.
460 1945 563 2008 Tutor
593 1956 627 2009 et
654 1943 809 2009 Classicus
839 1956 870 2007 et
899 1942 1007 2011 Civilis
1037 1945 1102 2008 suis
1129 1945 1262 2031 quisque
1290 1945 1372 2009 locis

348 2081 487 2141 pugnam
508 2061 648 2138 ciebant,
669 2061 777 2125 Gallos
798 2082 858 2143 pro
879 2060 1041 2137 libertale,
1063 2061 1199 2125 Batavos
1220 2078 1280 2143 pro
1302 2059 1372 2138 glo·

348 2173 414 2251 rio,
441 2172 615 2235 Germanos
641 2171 682 2235 ad
709 2173 859 2255 praedam
887 2172 1077 2252 instigantes.
1118 2174 1159 2236 Et
1178 2186 1290 2236 cuncta
1310 2192 1371 2255 pro

349 2286 494 2350 hostibus
526 2300 631 2365 erant,
666 2286 767 2350 donec
801 2288 881 2369 legio
918 2288 1160 2353 stnaetvicesima
1195 2290 1372 2373 patentiore

351 2418 447 2482 quam
469 2410 588 2464 ceterae
609 2399 711 2482 spallo
737 2403 923 2484 conglobato
944 2403 1092 2467 sustinuit
1115 2416 1258 2484 ruentes,
1294 2424 1372 2470 mox

348 2513 484 2597 impulit.
523 2513 591 2579 Nec
619 2517 687 2580 siue
716 2537 777 2600 ope
808 2515 916 2582 divina
945 2519 1070 2583 mutatis
1099 2532 1228 2602 repente
1258 2519 1373 2585 animis
1459 2557 1460 2566 κ

350 2642 437 2711 terga
450 2633 585 2694 victores
599 2644 733 2696 vertere.
774 2631 837 2715 ipsi
854 2632 979 2698 territos
997 2653 1030 2696 se
1050 2633 1226 2697 cohortium
1243 2645 1374 2716 aspectu

349 2747 511 2826 terebant,
540 2769 623 2831 quae
649 2747 754 2830 primo
781 2750 903 2831 impetu
930 2747 1074 2830 disjectae
1102 2749 1232 2812 summis
1259 2769 1374 2815 rursus

348 2861 429 2942 jugis
458 2862 727 2942 congregabantur
753 2884 788 2924 ac
816 2863 951 2944 speciem
979 2863 1055 2927 novi
1085 2862 1197 2926 auxilii
1223 2862 1375 2928 fecerant.

351 2971 415 3034 Sed
448 2973 567 3037 obstitit
599 2975 798 3038 vincentibus
828 2997 963 3056 pravum
991 2975 1073 3038 inter
1099 2975 1186 3057 ipsos
1216 2989 1375 3040 certamen
1459 3013 1460 3022 κ

352 3087 469 3150 omisso
497 3088 587 3150 hoste
619 3089 721 3170 spolia
751 3087 959 3152 consectandi.
1016 3089 1145 3152 Cerialis
1183 3103 1219 3154 ut
1250 3086 1376 3150 inermis

351 3220 453 3281 prope
474 3220 526 3262 res
547 3200 669 3280 afflixit,
688 3205 733 3267 ita
754 3205 928 3273 constantin
946 3204 1081 3268 restituit
1096 3217 1285 3287 secutusque
1305 3203 1377 3267 for·

351 3325 461 3375 tunam
482 3326 584 3378 costra
605 3316 744 3380 hostium
767 3316 877 3380 eodem
900 3314 951 3380 die
973 3317 1057 3398 cepit
1076 3313 1302 3398 exscinditque.

267 3447 337 3513 ms
435 3426 504 3489 Nec
532 3427 567 3488 in
594 3430 724 3508 longum
754 3429 843 3511 quies
872 3427 964 3490 militi
993 3427 1074 3492 data.
1125 3429 1259 3492 orabant
1282 3425 1379 3490 auxi-

350 3537 431 3602 lium
457 3539 703 3622 Agrippinenses
734 3541 972 3627 offerebsntque
1001 3565 1133 3608 uxorem
1164 3566 1200 3606 uc
1230 3563 1377 3608 sororem

353 3651 462 3718 Civilis
488 3668 519 3718 et
538 3653 634 3716 filiam
656 3653 802 3735 Classici,
832 3657 941 3720 relicte
967 3657 1027 3720 sibi
1052 3657 1184 3738 pignora
1207 3657 1377 3719 sociemus.

352 3779 448 3849 etque
472 3767 599 3833 interim
623 3767 781 3852 dispersos
807 3773 841 3836 in
863 3770 1009 3836 domibus
1037 3771 1211 3836 Germanos
1235 3769 1378 3837 trucida·

352 3893 480 3943 verant:
512 3880 597 3947 unde
616 3895 717 3946 metus
739 3897 770 3948 et
789 3888 889 3962 justae
909 3904 1018 3967 preces
1037 3884 1269 3962 invocantium,
1288 3896 1379 3948 ante·

354 4010 450 4072 qsrom
470 3993 576 4058 hostes
599 3997 751 4079 reparatis
773 3998 894 4065 viribus
916 3997 957 4060 ad
978 4019 1065 4079 spem
1087 3999 1140 4060 vel
1161 3995 1202 4060 ad
1221 3998 1380 4061 ultionem

354 4103 600 4186 accingerentur.
642 4122 779 4192 namque
802 4121 832 4172 et
857 4108 965 4173 Civilis
986 4109 1062 4172 illue
1081 4109 1279 4187 intenderat,
1310 4130 1380 4174 non
