2959 4875
345 440 407 509 no
694 428 1015 529 numerosus

343 611 526 681 vellentium
553 628 620 673 non
642 621 756 692 potest.
799 605 855 672 sed
877 606 967 675 tobis
994 603 1166 669 mammam
1187 601 1365 681 discrimen,

343 747 440 811 penes
461 744 541 809 quos
561 741 675 787 nstrum
695 735 725 787 et
746 742 832 805 opes,
853 722 1041 805 praecipuae
1064 720 1221 783 bellorum
1243 740 1367 783 causae.
1451 710 1452 757 ἶ

342 839 477 923 proinde
499 859 609 921 pacem
631 849 663 901 et
682 839 806 917 urbem,
831 860 926 922 quam
945 838 1019 902 victi
1039 836 1235 917 victoresque
1255 833 1365 896 eodem

342 959 412 1033 jure
434 952 628 1028 obtinemus,
659 964 776 1029 amate,
810 952 912 1015 colite.
954 962 1103 1013 moueant
1123 967 1180 1013 vos
1202 948 1367 1031 utriusque

343 1068 491 1132 fortunae
506 1063 705 1142 documenta,
725 1086 767 1126 ne
783 1063 1009 1130 contumaciam
1027 1082 1097 1126 cum
1114 1061 1254 1144 pernicie
1271 1083 1367 1146 qnam

344 1182 532 1265 obsequium
562 1202 633 1242 cum
661 1182 825 1244 securitate
852 1178 984 1245 malitis!
1034 1176 1106 1242 Tali
1131 1177 1274 1241 oratione
1295 1200 1368 1259 gra·

344 1296 436 1361 viora
457 1305 629 1355 memeutes
648 1294 825 1375 composuit
845 1295 1018 1377 erexitque.

261 1416 287 1478 4,
296 1416 331 1464 ¹15
430 1408 636 1501 Tenebantur
658 1407 776 1470 victore
800 1408 939 1469 exercitu
959 1404 1107 1481 Treueri,
1135 1424 1234 1488 quum
1260 1402 1367 1469 Civilis

347 1540 379 1591 et
399 1526 554 1591 Classicus
573 1526 686 1587 urbere
706 1520 748 1587 ed
768 1522 921 1585 Cerialem
944 1522 1106 1604 epistolas,
1135 1540 1271 1603 quarum
1291 1519 1368 1580 haec

346 1642 498 1705 sententia
520 1641 597 1701 luit:
632 1638 879 1719 Vespasianum,
907 1654 1089 1719 quanquam
1110 1633 1237 1697 nuntios
1263 1634 1370 1696 occul·

345 1767 457 1828 tarent,
478 1754 645 1814 excessisse
665 1755 740 1828 vita,
761 1754 873 1814 urbem
890 1765 983 1834 atque
1001 1751 1123 1814 Italiam
1141 1751 1266 1813 interno
1284 1750 1369 1810 bello

346 1878 572 1945 consumptam,
594 1863 736 1924 Muciani
757 1885 792 1925 ac
813 1863 988 1926 Domitiani
1009 1884 1090 1927 vana
1109 1873 1141 1925 et
1160 1863 1225 1925 sine
1246 1859 1370 1925 viribus

346 1984 487 2045 nomina.
538 1979 566 2041 si
596 1978 726 2041 Cerialis
757 1980 924 2063 imperium
955 1980 1129 2043 Galliarum
1158 1979 1251 2058 velit,
1281 1979 1369 2060 ipsos

346 2096 462 2159 linibus
483 2097 642 2159 civitatum
665 2116 794 2157 assarum
817 2111 999 2161 contentos:
1028 2100 1055 2161 si
1072 2097 1235 2179 *proelium
1256 2096 1371 2173 mallet,

347 2232 388 2271 ne
418 2208 453 2271 id
481 2207 610 2293 quidem
637 2209 788 2270 abnuere.
830 2207 880 2271 Ad
902 2230 938 2273 ea
962 2210 1091 2272 Cerialis
1113 2207 1206 2272 Civili
1229 2222 1260 2271 st
1282 2208 1372 2271 Clas·

346 2327 412 2386 sico
435 2326 534 2386 nihil:
564 2344 637 2384 eum
659 2324 716 2403 qui
739 2325 902 2403 attulerat,
924 2325 1006 2407 ipsas
1029 2326 1175 2408 epistolas
1197 2323 1235 2389 ad
1255 2324 1373 2386 Domi·

346 2441 467 2500 tianum
489 2435 581 2500 misit.
626 2435 741 2498 Hostes
772 2434 878 2500 divisis
910 2437 1006 2518 copiis
1036 2439 1190 2503 advenere
1217 2436 1374 2522 nudique.

346 2553 489 2638 plerique
510 2554 680 2635 culpabant
702 2552 856 2616 Cerialem
877 2574 1004 2636 passum
1024 2556 1112 2636 jungi
1119 2599 1128 2634 ,
1151 2577 1231 2639 quos
1253 2553 1373 2620 discre-

346 2683 397 2732 tos
415 2670 602 2750 intercipere
618 2669 766 2732 licuisset.
809 2670 971 2732 Romanus
990 2672 1143 2733 exercitus
1165 2683 1267 2734 castra
1286 2672 1374 2734 fossa

347 2787 495 2868 valloque
516 2780 731 2861 circumdedit,
752 2783 823 2867 quis
844 2796 962 2845 temere
981 2796 1072 2846 antea
1090 2783 1199 2845 inustis
1220 2782 1374 2848 consede·

348 2910 407 2960 rat.
449 2895 543 2979 Apud
566 2897 741 2960 Germanm
765 2894 895 2962 diversis
919 2898 1078 2962 sententiis
1101 2901 1288 2962 certabatur.

264 3025 336 3089 ⁴27⁰
433 3011 542 3074 civilis
563 3010 772 3092 opperiendas
793 3013 1109 3076 Transrhenanorum
1138 3025 1262 3094 gentes,
1291 3033 1374 3096 qua-

348 3147 422 3188 rum
448 3139 569 3188 terrore
598 3126 714 3188 fractm
743 3129 855 3209 populi
881 3129 1005 3190 romani
1036 3129 1118 3192 vires
1142 3131 1376 3192 obtererentur.

348 3241 457 3303 Gallos
478 3239 556 3324 quid
578 3240 663 3303 eliud
686 3263 781 3325 quam
805 3242 955 3325 praedam
976 3241 1170 3309 victoribus?
1206 3257 1374 3322 ettamen,

349 3349 437 3432 qnod
464 3352 589 3414 roboris
618 3353 667 3430 sit,
695 3355 807 3433 Belgas
838 3375 941 3417 secum
968 3358 1074 3437 palam
1103 3371 1158 3421 aut
1180 3372 1254 3422 voto
1277 3370 1375 3420 stare.

348 3462 452 3524 Tutor
485 3465 683 3525 cunctatione
720 3485 860 3527 crescere
893 3487 962 3528 rem
996 3489 1161 3534 romanam
1196 3469 1376 3532 affirmabat

348 3574 535 3640 coeuntibus
563 3573 704 3657 undique
734 3575 934 3641 exercitibus.
976 3594 1183 3645 transvectam
1204 3603 1221 3642 e
1245 3581 1376 3644 Britan-

348 3689 402 3748 nia
423 3688 596 3768 legionem,
625 3689 736 3752 accitas
763 3711 802 3752 ex
823 3693 992 3776 Hispania,
1020 3694 1189 3760 adventare
1210 3715 1251 3756 ex
1271 3697 1375 3776 ltalia,

348 3819 408 3862 nec
436 3802 574 3864 subitum
606 3803 737 3866 militem
767 3805 822 3868 sed
853 3823 991 3874 veterem
1023 3825 1253 3894 expertumque
1286 3811 1377 3874 belli.

348 3932 423 3972 num
445 3913 621 3978 Germanos
641 3919 699 4001 qui
719 3921 760 3982 ab
783 3921 861 4002 ipsis
881 3939 1046 4006 sperentur
1067 3947 1134 3990 non
1155 3926 1275 4004 juberi,
1307 3945 1376 3989 non

348 4023 424 4102 regi,
443 4025 500 4088 sed
519 4041 631 4090 cuncte
649 4046 692 4090 ex
709 4030 841 4094 libidine
861 4055 960 4114 agere,
981 4039 1211 4121 pecuniamque
1231 4059 1267 4099 ac
1289 4036 1378 4100 dona

351 4135 422 4216 quis
442 4139 516 4200 solie
538 4155 782 4223 corrumpantur
802 4152 921 4222 majora
942 4147 1025 4228 apud
1048 4149 1227 4226 Romanos,
1258 4162 1290 4212 et
1317 4171 1378 4212 ne·
